2250 3250
344 154 483 203 sarran
502 124 573 204 xm.
701 210 703 222 ,
783 152 831 206 445

52 257 119 314 alla
131 261 204 310 reste
212 259 299 310 cavet
320 261 351 308 tu
359 262 463 327 propter
473 255 545 310 mille
554 254 651 311 talentu

36 341 89 388 et
102 338 221 387 centurn
232 328 311 384 villas
320 330 485 385 temerarius
515 329 629 402 Adspice
638 339 738 402 portus
847 346 886 389 275

54 415 90 463 et
110 405 230 480 plenum
245 405 351 478 magnis
365 405 486 459 trabibus
500 422 586 473 mare3
612 405 674 477 plus
691 406 832 466 huminum

486 478 589 534 estium

58 558 99 611 in
112 554 226 627 pelago:
248 553 335 608 veniet
347 552 449 619 classis,
462 556 740 626 quocumqusvnearit

61 649 141 703 spes
152 628 230 690 lucri
242 645 291 682 nee
300 628 471 698 Carpathium
485 628 648 701 Gaetulaque
657 638 759 685 tantum
841 696 847 700 .

64 721 195 777 aequora
205 701 358 766 transsdret
374 703 430 768 sad,
443 703 520 776 longe
530 704 611 785 Calpe
621 704 718 770 rehcta
882 756 885 767 k

65 780 170 836 audiet
180 777 306 832 Herculeo
315 777 467 832 stridentem
477 780 584 852 gurgite
593 772 686 834 solem
847 793 886 835 280

66 852 189 916 Grande
201 869 294 923 operae
303 852 417 938 pretium
429 860 476 917 est,
489 861 518 908 ut
527 861 602 908 tenso
611 853 671 908 falle
682 856 776 909 reverti

68 930 144 986 inde
152 927 264 981 domum
273 927 359 998 possis
369 928 525 998 tumidaque
535 928 667 999 superbus
678 927 748 984 aluta

68 1002 170 1060 oceani
183 1008 299 1056 monstra
309 1009 334 1055 et
344 1001 452 1056 iuvenes
463 1003 562 1057 vidisse
575 1003 702 1059 marinos.

115 1080 261 1134 Nouanus
274 1084 419 1131 mentesao
400 1076 558 1150 witatfuror
587 1076 739 1133 Illssnroris

73 1155 105 1209 in
117 1151 246 1207 manibus
257 1150 334 1205 vultu
343 1152 524 1206 Eumenidum
533 1159 643 1207 terretur
652 1160 677 1207 et
687 1154 757 1226 igni:
847 1164 885 1207 285

76 1229 125 1282 bic
133 1228 201 1282 bova
211 1242 336 1298 percusso
346 1227 449 1299 mugire
459 1225 658 1300 Agamemnona
668 1227 750 1281 credit

77 1312 126 1358 aut
139 1302 271 1356 Ithacum.
301 1301 498 1354 Parcattunicis
509 1300 568 1355 licet
578 1308 657 1371 atque
667 1301 787 1366 lacernis,

75 1377 208 1433 curatoris
219 1394 251 1449 e
235 1382 286 1440 ⁰,et
299 1374 346 1446 qui
357 1392 451 1429 navem
462 1376 593 1430 mercibus
604 1376 695 1446 implet

75 1453 112 1509 ad
122 1468 264 1507 summum
275 1450 344 1504 latus
354 1457 378 1504 et
388 1449 477 1505 tabula
486 1450 659 1523 distinguitur
666 1449 756 1518 unda;

75 1545 168 1613 quum
179 1526 214 1579 sit
223 1543 302 1579 causa
312 1523 375 1579 mali
386 1525 450 1579 tanti
460 1533 485 1579 et
494 1525 656 1581 discriminis
669 1525 751 1579 huius
848 1534 886 1578 29⁰

77 1604 219 1659 concisum
229 1607 368 1674 argentum
378 1599 407 1655 ia
417 1599 506 1655 titulos
517 1599 649 1671 faciesque
657 1600 783 1655 minutas

78 1678 230 1733 Occurrunt
239 1676 325 1730 nubes
335 1681 359 1730 et
369 1674 485 1747 fuioun
513 1675 611 1730 Solvite
622 1681 716 1745 funem

26 1775 38 1785 ·
76 1752 210 1809 frumenti
219 1751 346 1805 dominus
355 1749 486 1804 clamat
459 1766 612 1821 piperisque
621 1751 748 1819 coemtar,

78 1832 119 1883 nil
130 1830 203 1883 colar
212 1830 253 1881 bia
265 1829 337 1888 coeli
348 1828 387 1879 m'l
395 1829 480 1894 fascia
492 1829 570 1893 niqra
579 1829 708 1893 minatum

78 1907 208 1958 destruam
218 1910 298 1955 tonat
327 1899 423 1954 luielrx
433 1900 481 1953 hac
491 1898 620 1954 forsitan
613 1918 670 1973 ipsa
847 1907 886 1951 295

79 1985 157 2032 noete
166 1974 240 2029 cadet
250 1974 336 2028 irartrs
350 1964 483 2027 trabibus
472 1972 624 2045 ,fluctuque
634 1980 766 2044 premetur
833 1998 837 2001 ⁴

80 2053 203 2113 obrutus
215 2057 241 2104 et
249 2066 344 2103 zonam
356 2048 428 2103 laeva
439 2065 583 2119 morsuque
596 2048 702 2102 tenebit

80 2126 133 2181 Sed
144 2126 221 2179 cuius
233 2125 302 2179 vatis
312 2123 390 2178 moda
402 2141 454 2178 non
465 2123 600 2178 suffeeerat
610 2139 715 2188 aurum,

81 2199 156 2272 quod
167 2199 256 2269 Tagus
265 2208 290 2252 et
300 2197 377 2252 rutila
389 2197 471 2253 volvit
481 2197 600 2253 Pactulus
609 2215 696 2262 arena,

82 2272 181 2345 frigida
193 2271 448 2348 subficientvelantes
458 2273 569 2345 inguina
580 2271 671 2343 panni,
801 2332 810 2339 ,
847 2279 887 2325 tut

83 2347 253 2418 exiguusque
261 2345 345 2408 cibus,
357 2365 442 2404 mersa
451 2357 505 2402 rate
514 2346 659 2420 naufragus
668 2363 755 2402 assem

84 2422 151 2475 dum
161 2428 242 2494 rogat,
254 2428 279 2475 et
287 2421 356 2493 picta
365 2441 394 2479 se
403 2429 555 2495 tempestate
565 2430 662 2477 tuetur.

121 2496 211 2551 Tantis
219 2503 294 2570 parta
304 2497 383 2553 malis
392 2514 455 2552 cura
465 2498 563 2554 maiore
573 2505 698 2570 metuque

56 2590 60 2595 ·
84 2580 230 2627 servantur.
259 2573 355 2629 Misera
366 2580 405 2627 est
414 2573 505 2645 magni
515 2573 634 2628 custodia
643 2586 749 2627 census.

84 2647 222 2719 Dispositis
232 2647 370 2719 praedives
380 2647 467 2702 hamis
479 2648 590 2724 vigilare
603 2648 736 2702 cohortem
849 2652 888 2696 305

122 2739 239 2798 lausum.
290 2792 297 2798 ,
699 2735 722 2794 K
