2250 3250
409 211 553 257 sauine
572 213 616 258 VI.
856 212 889 261 69

122 309 257 367 crinibus
267 308 358 363 effusis
368 309 467 364 bellum
479 311 618 365 dirimente
627 311 737 367 Sabina:
1029 369 1032 374 .

125 387 208 459 (rara
218 383 275 438 avis
286 384 311 438 iu
322 385 408 450 terris,
422 385 795 460 nigroqnesimillimaoyono)
905 402 944 444 165

128 461 202 533 quis
213 458 275 513 leret
285 476 404 524 uxorem,
419 460 463 515 oui
472 458 591 519 oonstant
599 460 707 515 omnia?
725 461 803 528 Malo,

134 533 215 589 malo
225 534 398 599 Venusinam,
411 552 492 606 quam
502 542 536 599 te,
548 535 668 591 Cornelia
678 543 762 590 mater

133 608 331 673 Gracchorum,
343 609 438 663 sicum
449 610 554 682 magnis
564 608 707 665 virtutibus
720 612 797 665 affers

132 683 240 757 grande
248 683 430 754 supercilium,
441 691 467 737 et
476 700 600 738 nutrieras
610 686 638 740 in
647 687 707 739 dote
716 687 872 756 triumphos.

134 757 309 822 Tolletuum,
321 773 421 828 precor,
437 758 610 834 Hannibalem
620 759 887 835 rictumqneSypha-
951 774 953 778 ⁴

529 849 600 888 oem
905 849 944 890 tto

136 908 168 962 in
180 906 282 970 eastris,
294 913 320 961 et
328 924 389 961 cum
400 914 452 961 tota
462 907 620 980 Carthagine
629 910 736 981 migra·

177 983 269 1045 Parae,
280 998 384 1049 pretor,
401 983 496 1047 Paeon,
507 993 531 1036 et
542 993 578 1046 m,
590 985 654 1047 Deo,
663 1001 729 1051 pone
738 991 864 1054 sapittus:

135 1061 179 1112 nil
186 1061 265 1123 pueri
273 1061 383 1126 furiunt,
395 1061 479 1125 ipram
489 1062 606 1128 eonfipite
615 1061 739 1121 matrem!

66 1123 78 1133 ⁸
136 1131 276 1201 Amphion
286 1129 395 1186 clamat:
416 1132 556 1186 sedPaean
567 1132 696 1187 contrahit
706 1151 804 1188 arcum.

136 1205 245 1262 Extulit
254 1222 316 1278 ergo
328 1223 434 1278 gregem
445 1213 567 1261 palmum
578 1206 719 1278 ipsumque
729 1210 883 1279 parentem,
905 1221 944 1264 175

137 1281 208 1336 dum
219 1280 270 1335 sibi
282 1279 394 1335 nobilior
403 1281 517 1335 Latonae
529 1280 721 1354 gentovidetur

138 1366 222 1427 atque
230 1355 321 1409 eadem
330 1353 413 1409 scrofa
426 1355 510 1409 Niobe
520 1355 654 1409 fecundior
662 1355 732 1410 alba.

139 1431 217 1497 Quae
226 1429 291 1483 tanti
301 1429 426 1502 gravitas,
438 1446 507 1501 quae
515 1429 609 1494 forma,
619 1436 650 1483 ut
658 1445 687 1484 se
697 1429 746 1483 tibi
756 1446 859 1500 semper

137 1503 273 1634 imputet?
291 1505 376 1559 Huius
386 1505 457 1559 enim
468 1505 519 1559 rari
532 1505 687 1576 summique
696 1503 818 1576 voluptas
1008 1561 1010 1563 .

137 1598 179 1636 nu
193 1578 216 1634 la
227 1579 300 1644 boni,
311 1578 413 1652 quoties
423 1579 511 1634 animo
521 1578 765 1652 ooiruptavsuperbo
906 1592 945 1635 180

138 1656 205 1728 plus
214 1653 293 1719 aloes,
306 1671 389 1726 quam
399 1652 485 1708 mellis
495 1654 582 1708 habet.
615 1655 681 1720 Quis
691 1654 796 1707 deditus
806 1663 893 1709 autem

137 1746 229 1801 nsque
239 1729 302 1784 adeo
312 1736 359 1793 est,
371 1736 402 1783 ut
414 1745 466 1786 non
476 1727 560 1793 illam,
572 1744 653 1800 quam
663 1728 788 1783 laudibus
798 1728 879 1796 effert,

121 1851 125 1856 ,
138 1808 255 1866 horreat,
269 1803 415 1875 inqnedies
425 1804 539 1875 septenis
548 1803 631 1858 oderit
640 1802 732 1858 horis?
786 1864 789 1867 ,

181 1878 316 1945 Quaedam
325 1895 406 1950 parra
416 1879 534 1950 quidem,
541 1878 901 1935 sednontolerandamaritie.

140 1956 212 2028 Nam
222 1954 289 2026 qnid
299 1953 441 2018 remidius,
454 1970 536 2025 quam
545 1954 656 2024 quodse
666 1970 718 2008 non
728 1954 867 2022 putatnlla
905 1965 944 2008 185

139 2030 296 2098 formosam,
308 2028 361 2083 uisi
370 2045 439 2099 quae
447 2028 480 2083 de
488 2029 574 2082 Tusca
586 2027 712 2081 Graecula
721 2027 786 2080 laeta
797 2028 854 2082 est‘l

114 2168 121 2178 ⁴
140 2105 178 2160 de
190 2102 361 2162 Sulmonensi
370 2103 440 2160 mera
451 2101 590 2174 Cecropis?
609 2102 705 2158 Omnia
717 2100 822 2168 Graece,

140 2196 229 2251 quum
241 2179 276 2232 sit
284 2185 362 2249 turpe
372 2178 457 2250 magis
469 2179 573 2238 nostris.
587 2178 687 2231 nescire
696 2177 797 2231 Latine.

141 2256 199 2312 Hoc
207 2270 328 2312 sermone
339 2260 444 2324 pavent,
456 2254 505 2308 hoc
515 2252 591 2317 iram,
603 2252 709 2325 gandia,
720 2268 807 2317 ouras,

141 2330 195 2385 hoe
203 2337 295 2383 cuncta
305 2327 444 2382 effundunt
453 2327 536 2382 animi
546 2335 649 2382 secreta.
669 2326 838 2393 Quidultra‘l
905 2338 944 2382 teo

141 2398 324 2458 concumbunt
334 2402 439 2457 Graaee.
468 2403 553 2457 Dones
562 2408 650 2457 tamen
662 2403 712 2456 ista
722 2401 834 2474 puellis:

143 2487 209 2533 tune
218 2479 308 2541 etiam,
320 2494 402 2549 qnam
412 2482 503 2531 sextus
512 2485 538 2531 et
545 2477 722 2550 octogesimus
731 2494 818 2531 annus

142 2552 243 2626 pulsat,
255 2553 343 2607 adhue
352 2551 469 2606 Graece?
487 2554 545 2607 Non
555 2559 595 2607 est
603 2553 646 2606 hie
655 2567 742 2606 sermo
751 2550 865 2622 pudieus

143 2630 172 2683 in
183 2626 279 2683 vetula.
309 2626 416 2693 Quoties
429 2625 557 2681 lascivum
568 2626 708 2681 intervenit
717 2624 784 2678 illud

142 2710 227 2761 ΖΩΗ
232 2709 303 2759 ΚΑΙ
319 2701 439 2757 ΨΥΧΗῨ
457 2701 535 2758 Modo
546 2700 690 2755 sublodiee
699 2698 796 2754 relictis
906 2712 945 2756 res
