2250 3250
294 164 326 215 86
559 168 770 215 IUVENALIS

293 277 318 323 ot
328 285 396 340 qnae
405 268 532 323 conducto
543 269 657 340 pendent
666 269 809 323 anabathra
819 267 912 341 tigillo,

293 360 416 416 quaeque
433 345 595 414 reportandis
609 345 692 415 posita
705 351 745 397 est
757 343 889 398 orchestra
898 343 1050 400 cathedris.

293 419 348 473 Nos
365 429 449 472 tamen
464 419 512 472 hoe
524 419 642 490 agimus,
655 419 783 490 tenuique
793 418 821 472 in
836 417 945 488 pulvere
955 420 1052 475 sulcos

294 492 426 553 ducimus,
438 501 463 546 et
473 492 536 545 litus
545 492 627 546 sterili
640 510 777 547 versamus
786 501 881 547 aratro.

135 574 139 580 ’
240 578 265 620 5⁰
293 569 360 621 Nam
371 567 395 619 si
405 566 531 631 discedas,
544 566 638 638 laqueo
648 574 718 621 tenet
726 567 860 621 ambitiosi

294 640 456 695 consuetudo
465 641 539 704 mali,
550 649 620 695 tenet
630 641 776 697 insanabile
786 641 884 697 multos

293 715 424 770 scribendi
438 716 580 781 cacoethes,
591 724 617 770 et
628 732 706 790 aegro
714 716 742 770 in
751 716 828 773 eorde
835 716 959 770 senescit.

294 790 345 845 Sed
356 789 597 864 vatem-egregium,
610 791 653 844 cui
666 807 716 845 non
725 791 760 845 sit
769 789 875 863 publica
885 807 963 855 vena,

236 884 242 899 ¹
295 865 342 937 qui
356 865 422 919 nibil
431 868 581 935 expositum
591 865 672 920 soleat
682 864 818 929 deducere,
831 881 879 920 nec
891 866 938 937 qui

160 939 165 947 '
240 951 265 992 55
293 939 428 993 communi
440 936 514 993 feriat
523 957 628 994 carmen
641 938 744 993 triviale
756 949 869 1004 moneta,

294 1014 376 1077 hunc,
388 1013 494 1084 qualem
504 1030 608 1085 nequeo
617 1021 797 1079 monstrareet
806 1014 890 1068 sentio
901 1022 1018 1081 tantum,

294 1088 423 1142 anxietate
431 1104 522 1141 carens
532 1088 640 1142 animus
648 1087 717 1160 lecit,
732 1087 820 1145 omnis
831 1088 917 1143 acerbi

293 1162 442 1232 impatiens,
454 1161 568 1233 cupidus
578 1162 707 1217 silvarum
717 1170 848 1234 aptusque
857 1162 983 1217 bibendis

294 1236 412 1291 lontibus
425 1236 570 1292 Aonidum.
609 1238 701 1308 Neque
710 1239 781 1293 anim
793 1245 897 1292 cantare
906 1238 1048 1294 subantro

240 1322 266 1363 ee
293 1311 379 1366 Pierio
387 1311 542 1385 thyrsumve
551 1319 635 1383 potest
644 1312 793 1384 contingere
802 1328 866 1366 sena
921 1302 932 1319 ⁰

295 1396 434 1458 paupertas
447 1394 525 1458 atque
535 1388 602 1441 aeris
614 1386 698 1457 inops,
711 1403 765 1456 quo
775 1393 849 1440 nocte
857 1385 955 1458 dieque

294 1471 389 1531 corpus
406 1471 474 1535 eget.
497 1460 575 1514 Satur
587 1469 634 1521 est,
650 1476 736 1531 quum
745 1460 808 1514 dicit
821 1460 943 1515 Horatius
952 1460 1044 1525 Eune!

294 1532 360 1601 Quis
375 1533 446 1589 loeus
457 1534 572 1605 ingenio,
587 1533 637 1587 nisi
649 1550 734 1605 quum
744 1552 773 1589 se
782 1536 898 1591 carmine
907 1535 964 1589 solo

294 1615 391 1663 vexant
402 1616 427 1663 et
436 1607 551 1664 dominis
561 1607 669 1664 Cirrhae
674 1610 818 1684 ‘Nysaeque
828 1606 949 1665 feruntur

240 1695 266 1737 te
294 1692 395 1757 pectora
405 1692 502 1747 nostra,
514 1683 582 1738 duas
592 1701 644 1740 non
655 1684 816 1740 admittentia
825 1685 923 1739 curae?

258 1823 262 1831 ⁵
293 1761 405 1830 Magnae
417 1758 512 1812 meotis
521 1775 599 1828 opus,
612 1776 660 1812 nec
667 1758 700 1813 de
711 1758 915 1830 lodice‘paranda

294 1833 433 1895 adtonitas,
444 1848 538 1885 currus
547 1839 573 1884 et
582 1849 664 1903 eques
674 1832 806 1904 faciesque
813 1832 924 1888 deorum

211 1911 214 1918 '
295 1904 436 1977 adspicere.
449 1913 474 1960 et
483 1904 571 1976 qualis
581 1905 996 1983 Rutulumoonlundatllrinnys.

294 1983 362 2035 Nam
374 1981 398 2035 si
409 1980 519 2054 Virgilio
527 1998 594 2053 puer
605 1990 630 2036 et
640 1981 773 2036 tolerabile
781 1981 850 2036 desit

239 2066 266 2107 te
294 2056 448 2126 hospitium,
459 2055 581 2110 caderent
589 2056 836 2111 omnesacrinibds
844 2055 938 2130 hydri:

294 2131 375 2186 surda
385 2130 451 2184 nihil
461 2138 664 2203 gemeretgrave
674 2131 793 2186 buccina.
813 2132 962 2197 Poscimus,
972 2133 1042 2188 nteit
1091 2165 1094 2226 p

294 2222 348 2259 non
361 2205 448 2260 minor
456 2205 565 2277 entique
574 2205 715 2259 Rubrenus
724 2207 813 2276 Lappa
825 2204 964 2271 cothurno,

225 2343 228 2348 Ι
294 2279 371 2333 euius
381 2287 406 2333 et
415 2279 528 2334 alveolos
539 2287 564 2333 et
575 2279 676 2333 laenam
686 2289 806 2353 pignerat
815 2279 919 2335 Atreus.
1014 2339 1021 2352 ,

295 2356 353 2407 Non
364 2353 443 2410 habet
455 2353 547 2408 infelix
557 2354 688 2416 Numitor,
702 2354 775 2425 qnod
785 2355 870 2408 mittat
879 2355 980 2409 amico:

240 2439 266 2483 75
294 2427 438 2494 Quintillae
450 2426 522 2498 quod
532 2426 619 2489 donet,
632 2428 722 2496 hebet,
744 2447 794 2484 nee
803 2427 887 2482 deluit
897 2427 946 2494 illi,

294 2502 366 2557 unde
378 2510 474 2556 emeret
484 2500 566 2554 multa
577 2503 738 2572 pascendum
748 2521 825 2560 carne
835 2501 937 2557 leonem

295 2576 499 2633 iamdomitum.
529 2576 637 2631 Constet
647 2576 736 2631 leviori
747 2576 834 2632 bellua
843 2585 936 2632 sumtu
1024 2635 1027 2640 ,
1066 2643 1070 2652 Ι

295 2653 433 2719 nimirum,
444 2657 470 2706 et
478 2650 586 2725 capiunt
594 2650 787 2724 plusintestina
794 2660 894 2725 poetae.
