2250 3250
892 128 903 155 d

270 205 304 256 38
537 216 751 265 IUVENALIS

269 310 318 382 qui
328 309 423 382 Curios
433 312 561 370 simulant
570 323 596 369 ct
603 317 777 375 Bacchanalia
788 311 905 382 vivuntr

194 378 213 441 “,
267 383 366 439 indocti
375 382 515 458 primum3'
529 407 695 463 quamquam
704 393 784 464 plena
794 401 889 455 omnia
899 419 997 477 gypso

213 471 226 514 5
268 459 412 532 Chrysippi
422 463 552 517 invenias.
564 466 632 518 Nam
641 467 855 536 perfectissimus
866 476 971 534 borum
983 492 1038 550 est,

268 534 292 588 ei
301 535 364 605 quis
373 534 538 591 Aristotelem
548 538 665 594 similem
678 543 720 597 vel
732 546 852 604 Pittacon
858 553 944 619 emit,
1016 570 1025 581 “

267 615 293 662 et
302 608 376 662 iubet
384 609 539 684 archetypos
548 611 669 683 pluteum
679 634 786 675 servare
796 622 959 684 Cleanthas.

267 683 358 737 Frcnti
368 683 441 738 nulla
451 685 525 740 tides.
555 686 622 752 Quis
632 690 707 745 enim
718 710 773 750 non
786 697 866 753 vicus
876 702 1008 761 abundat

269 756 388 812 tristibus
400 758 555 815 obscoenis?
574 760 693 835 Castigas
701 769 799 839 turpia,
808 788 901 843 quum
911 778 954 832 sis

213 844 240 886 to
268 833 336 887 inter
345 831 488 890 Socraticos
497 835 635 891 notissima
644 838 715 895 fossa
725 843 873 906 cinaedos?

268 906 378 978 Hispida
392 909 510 964 membra
524 909 634 982 quidem
644 920 670 968 et
679 915 762 972 durae
770 929 819 989 pet
831 922 948 983 brachia
958 938 1039 988 setae

267 983 693 1060 pmmittuntatrooemanimum3
715 992 762 1046 sed
771 986 935 1065 podioelevi

267 1055 412 1117 caeduntur
420 1059 545 1123 tumidae,
557 1060 661 1116 medico
670 1064 781 1131 ridente,
794 1072 937 1132 mariscae.

267 1132 353 1185 Rarus
362 1148 449 1185 sermo
458 1132 512 1187 illis
521 1141 546 1189 et
554 1151 650 1207 magna
661 1136 753 1195 lubido
763 1145 878 1212 tacendi,

214 1217 239 1260 15
268 1212 347 1277 atque
359 1207 499 1277 supercilio
510 1209 616 1263 brevior
624 1227 708 1267 coma.
728 1215 839 1274 ⁴Verius
853 1226 920 1296 ergo

267 1287 293 1335 et
301 1281 388 1355 magis
398 1282 511 1353 ingenue
521 1284 693 1340 Peribomius.
723 1289 935 1368 Huncegolatis

268 1355 379 1426 imputo,
391 1357 439 1429 qu'i
450 1356 527 1412 vultu
537 1359 661 1414 morbum
671 1362 832 1438 incessuque
840 1369 948 1429 latetur.

269 1431 370 1486 Horum
379 1432 534 1503 simplicitas
547 1434 719 1493 miserabilis:
742 1438 786 1493 his
795 1440 870 1503 furor
883 1448 944 1519 ipse

269 1506 314 1560 dat
324 1507 442 1562 veniam:
462 1508 509 1562 sed
518 1509 627 1579 peiores,
639 1512 685 1580 qui
695 1511 860 1574 tatia’verbis

114 1657 115 1664 ἵ
213 1592 240 1637 2⁰
267 1581 387 1642 Herculis
396 1582 534 1648 invadunt,
546 1589 580 1648 et,
592 1582 626 1638 de
634 1582 731 1641 virtute
740 1587 856 1663 loquuti,

268 1657 373 1712 clunem
384 1657 492 1731 agitant.
517 1659 763 1730 dqot‘acevao'tem,
784 1667 875 1734 Secta,
891 1679 1033 1733 verebor?
1059 1653 1063 1654 ἶ

270 1730 377 1789 infamis
387 1733 502 1789 Varillus
511 1734 560 1789 nit:
573 1750 626 1802 quo
635 1740 747 1791 deterior
757 1738 801 1794 te?

269 1809 425 1880 Loripedem
437 1816 523 1863 rectus
532 1808 656 1873 derideat,
668 1809 823 1885 Aethiopem
832 1817 924 1876 albim,

269 1882 336 1949 Quis
345 1883 435 1937 tulerit
443 1882 574 1938 Gracchos
584 1883 617 1938 de
627 1883 754 1941 seditione
763 1895 926 1960 querentes?

213 1970 239 2014 25
267 1958 330 2030 quis
338 1956 441 2014 coelum
452 1957 526 2013 terris
535 1974 588 2012 non
596 1958 705 2013 misceat
713 1967 739 2014 et
747 1980 820 2020 mare
830 1969 912 2035 coelo,

269 2033 293 2088 si
304 2032 348 2089 lur
356 2033 491 2106 displiceat
500 2033 584 2094 Verri,
596 2034 726 2089 homicida
736 2037 838 2106 Miloni,

268 2108 376 2166 Clodius
386 2115 488 2165 accuset
498 2108 628 2173 moechos,
640 2108 751 2165 Catilina
761 2111 930 2190 Cethegum?

267 2186 297 2241 in
306 2185 423 2241 tabulam
434 2184 522 2241 Sullae
531 2185 553 2239 si
562 2182 651 2239 dicant
659 2183 783 2257 discipuli
796 2191 867 2245 tres?

268 2260 356 2333 qualis
366 2268 421 2316 erat
429 2278 513 2333 nuper
521 2259 620 2333 tragico
629 2258 745 2331 pollutus
755 2261 858 2320 adulter

214 2347 240 2392 3⁰
268 2336 419 2402 concubitu,
431 2338 478 2408 qui
489 2344 553 2391 tunc
562 2337 632 2410 leges
642 2335 779 2391 revocabat
790 2355 895 2395 amaras

269 2412 404 2477 omuibus,
415 2419 493 2484 atque
502 2411 568 2482 ipsis
578 2410 672 2467 Veneri
682 2411 812 2484 Martique
821 2416 967 2487 timendas,

268 2501 357 2563 quum*
366 2495 404 2542 tot
412 2486 538 2542 abortivis
547 2485 686 2541 lecundam
696 2484 762 2541 lulla
771 2487 880 2552 vulvam

269 2564 389 2630 solveret,
401 2570 426 2618 et
435 2571 528 2635 patruo
537 2560 639 2617 similes
649 2560 792 2616 effunderet
801 2563 875 2618 ollas.

268 2643 362 2698 Nonne
372 2639 454 2714 igitur
463 2639 520 2693 iure
529 2654 559 2693 ac
569 2638 661 2693 merito
671 2638 734 2692 vitia
746 2636 841 2692 ultima
854 2638 930 2695 fictos

215 2729 241 2773 tt
269 2723 440 2775 contemnunt
448 2713 569 2782 Scauros,
583 2721 609 2770 et
621 2713 744 2786 castigata
753 2713 923 2771 remordent?
