2250 3250
338 146 500 216 'suumn
521 170 566 215 rx.
782 164 832 218 tot

69 268 221 341 praecipue
229 268 326 335 causis,
338 277 368 323 ut
377 268 482 344 linguas
491 269 685 343 mancipiorum
755 336 758 340 ι

69 354 248 400 mntemnas:
270 362 332 399 nam
341 343 433 417 lingua
443 344 506 398 mali
515 361 577 416 pars
586 344 704 400 maxima
713 347 793 400 servi.
845 356 885 402 120

69 420 197 474 Deterior
204 427 292 474 tamen
302 419 354 485 hie,
366 419 413 491 qui
424 418 491 475 liber
500 437 554 474 non
562 419 613 474 erit
621 417 684 484 iilis,

70 511 196 564 quorum
208 494 311 549 animas
321 500 347 548 at
356 492 423 548 farre
432 510 482 549 suo
491 493 604 549 custodit
612 501 638 549 et
646 511 714 550 aere.
737 558 739 561 ¹

70 569 163 625 Naar.
185 568 286 624 ldoiroo
294 577 324 624 ut
332 569 435 640 possim
446 567 568 642 linguam
577 577 743 625 oontemnere
752 570 832 636 servi,

73 641 140 697 utile
150 643 299 699 eonsilium
311 642 398 708 modo,
410 643 457 699 sed
467 660 617 710 commune,
629 644 740 699 dedisti:

73 717 883 791 nunomihiquidsuadaspostdnmnnmtemporisetspes125

72 790 220 863 deneptas‘i
237 792 354 847 Festinat
363 793 435 847 enim
444 793 581 848 decurrere
589 791 667 848 velox

73 863 217 932 flosculus,
231 875 360 948 angustae
369 867 532 940 miseraeque
540 867 777 923 brevissimavitae
826 929 829 933 ,

74 942 178 1010 portio:
190 941 255 996 dum
266 942 394 1006 bibimus,
405 942 471 997 dum
480 951 557 1008 serta,
571 950 720 1015 unguenta,-
725 941 828 1014 puellas

60 1016 225 1084 noscimus,
239 1016 341 1087 obrepit
349 1033 401 1073 non
411 1016 540 1073 intellecta
550 1025 680 1073 senectus.

74 1089 131 1146 luv-
160 1092 201 1146 Ne
219 1090 333 1162 trepida:
364 1102 512 1165 numquam
535 1092 656 1164 pathicus
676 1092 724 1147 tihi
746 1092 828 1148 deerit

239 1202 242 1209 »
485 1167 587 1221 amicus
843 1176 882 1219 tto

74 1240 212 1295 stantibus
222 1247 247 1295 et
257 1237 339 1295 salvis
349 1240 391 1294 his
403 1239 528 1310 collibus;
550 1240 715 1313 undique'ad
729 1239 788 1296 ilios

75 1315 241 1369 eonveniunt
253 1323 278 1370 et
287 1317 416 1387 carpentis
424 1323 450 1370 et
459 1316 573 1370 navibus
583 1332 684 1381 omnes,

76 1390 126 1460 qui
139 1390 225 1463 digito
234 1388 356 1463 scalpunt
366 1407 421 1445 uno
430 1398 516 1462 caput
543 1389 630 1446 Altera
641 1391 724 1445 maior
739 1463 743 1466 y

76 1481 139 1534 spes
148 1472 285 1536 superest:
306 1473 335 1519 tu
347 1473 448 1520 tantum
457 1464 543 1520 erucis
552 1465 677 1539 imprime
686 1465 801 1520 dentem.

75 1539 163 1595 Naar.
182 1541 251 1594 Haeo
259 1539 379 1611 exempla
387 1557 451 1611 para
459 1538 595 1596 felicibus:
616 1549 642 1599 nt
651 1559 709 1596 mea
719 1541 811 1596 Clotho
843 1549 881 1593 135

76 1622 103 1668 et
112 1613 239 1670 Lachesis
247 1614 372 1688 gaudent,
384 1615 407 1670 si
417 1615 532 1686 pascitur
544 1616 655 1689 inguine
665 1624 764 1670 venter.

77 1687 189 1761 Oparvi
199 1691 335 1762 nostrique
343 1691 431 1754 Lares,
443 1706 511 1762 quos
520 1690 598 1746 thuro
607 1690 709 1744 minuto

78 1773 127 1818 aut
136 1764 204 1819 iarre
214 1773 239 1819 et
248 1765 321 1820 tenui
330 1764 400 1820 soleo
408 1781 535 1820 exornare
544 1780 649 1829 corona,

78 1838 189 1910 quando
198 1857 248 1912 ego
258 1838 338 1913 figam
348 1838 518 1912 aliquid‚qu0
527 1840 562 1894 sit
572 1840 637 1895 mihi
648 1847 703 1895 tuta
710 1846 829 1894 senectus

78 1921 189 1988 ategete
198 1923 223 1968 et
232 1912 344 1968 baculo‘?
362 1915 457 1987 viginti
466 1914 550 1969 miliia
559 1914 636 1969 ianus
734 1927 736 1930 ’
842 1918 881 1964 tto

78 1989 237 2062 pigneribus
246 1988 349 2060 positis,
361 1989 461 2063 argenti
471 1987 578 2044 vascula
586 1989 657 2060 puri,
928 1984 936 2000 ²

78 2064 128 2117 sed
140 2081 211 2135 quae
220 2063 355 2118 Fabricius
364 2080 456 2118 nensor
469 2070 547 2129 notet,
559 2070 585 2117 et
593 2064 647 2117 duo
655 2060 732 2115 fortes

78 2137 113 2191 de
121 2154 203 2211 grego
214 2139 373 2202 Moesorum,
385 2138 433 2211 qui
442 2156 485 2193 me
494 2138 594 2193 cervice
604 2137 686 2193 locata

78 2229 204 2266 seourum
215 2212 323 2268 iubeant
331 2212 445 2268 clamoso
456 2213 575 2268 insistere
585 2212 667 2268 Cimo.

79 2286 120 2340 Sit
134 2287 201 2341 mihi
211 2295 341 2358 praeterea
351 2287 577 2352 communetotum
588 2287 695 2350 etaltera
843 2290 881 2336 145

79 2362 129 2433 qni
141 2359 240 2416 multas
250 2361 327 2417 iacies
336 2363 496 2435 pingatcito.
526 2361 743 2424 Sufficienthaeo‚

80 2436 190 2508 quando
198 2453 247 2510 ego
259 2453 359 2509 pauper
368 2453 423 2491 ero.
436 2437 533 2491 Votum
544 2436 702 2501 miserabile,
714 2449 762 2489 nee
771 2450 831 2505 spes

80 2510 124 2564 his
135 2510 243 2566 saltem:
264 2529 336 2576 nam,
347 2528 434 2584 quum
442 2529 491 2584 pro
501 2529 543 2566 me
551 2512 666 2567 Fortuna
677 2517 792 2583 rogatur,

80 2584 167 2659 affigit
175 2602 249 2641 coras
259 2585 304 2641 illa
314 2586 347 2641 de
359 2602 425 2641 nave
436 2586 537 2658 petitas,

80 2677 151 2733 quae
160 2659 263 2716 Siculos
272 2669 364 2715 cantus
376 2660 467 2734 effugit
477 2660 576 2733 remige
585 2657 676 2715 surdo.
843 2665 881 2708 tto
