2250 3250
358 193 501 240 sauma
524 193 558 241 V.
795 189 829 244 23

4 336 6 369 3
70 295 181 352 baereat
192 293 220 349 in
230 293 320 350 stultis
329 295 418 350 brevis
427 302 458 349 ut
467 293 604 349 semuncia
612 294 682 349 recti.

69 374 145 426 llaec
154 370 267 435 miseere
278 369 362 436 nefas,
374 387 417 435 ne,
427 386 512 441 quum
523 369 561 423 sis
571 369 772 435 caeteralessor,

4 514 5 517 Ἰ
72 447 125 500 tris
135 443 512 519 tantumadnumerossatyri
522 461 643 500 moveare
654 444 779 518 Bathylli.

75 523 156 577 Liber
174 537 231 591 orn.
245 549 284 562 -
297 519 371 576 Unde
384 521 475 575 datum
489 519 540 573 hoe
553 520 653 634 sumis,
675 527 710 575 tot
722 519 828 576 subdite

483 595 589 649 rebus.v
735 645 740 650 .

73 670 117 726 An
127 670 270 725 dominum
280 669 396 742 ignaras,
409 669 461 723 nisi
470 686 551 741 quem
564 668 679 723 vindicta
689 668 805 726 relaxat?
842 681 882 724 ¹25

4 804 5 807 Ἴ
75 746 192 816 »Ιριιεῃ
206 744 357 818 etstrigiles
367 744 482 816 Crispini
492 743 526 799 ad
535 742 629 799 balnea
639 744 744 799 deleri«

75 821 99 874 si
108 819 256 891 increpuit:
275 836 381 873 »cessas
390 818 536 892 nugatorie
546 819 685 874 servitium
694 837 754 874 aere

4 904 5 911 ’
74 894 182 949 tanihil
192 892 314 965 impellit,
328 893 531 965 necquidquam
541 894 802 960 extrinsecusintrat,

76 969 149 1040 quod
161 986 256 1023 nervos
266 968 363 1042 agitet?
381 968 433 1024 Sed
442 969 465 1022 si
476 969 547 1023 intus
557 976 583 1024 et
595 969 624 1023 in
634 969 717 1024 ieoore
725 986 804 1045 aegro

77 1052 229 1099 naseuntur
238 1043 365 1097 donnini:
375 1044 423 1114 qui
432 1051 464 1096 tu
475 1043 631 1116 impunitior
643 1044 711 1110 exis,
770 1050 773 1051 ’
800 1080 802 1085 -
841 1056 880 1100 ltu

75 1126 156 1192 atque
164 1118 219 1184 hic,
232 1134 313 1190 quem
324 1117 357 1172 atl
365 1118 481 1192 strigiles
490 1119 589 1173 sontica
597 1127 624 1174 et
631 1120 827 1196 metusegithe·

352 1219 354 1233 ι
482 1192 606 1247 nilis?—

76 1269 157 1323 blane
165 1268 348 1341 pigerstertis.
381 1268 510 1341 »Surge«,
523 1269 613 1340 inquit
625 1270 747 1325 avaritia:
768 1271 826 1326 reia

76 1344 195 1418 surget«
216 1343 314 1416 Negas.
340 1344 430 1408 instat,
451 1344 593 1416 »surgelu
605 1344 823 1415 inquit—Non

483 1418 795 1491 quen-»Surgeba-

4 1528 6 1557 r
75 1495 110 1550 Et
122 1496 188 1565 quid
200 1490 298 1564 aqam?
306 1498 345 1534 —'
356 1491 500 1567 »Rogitas‘l
520 1510 554 1548 en
568 1491 706 1565 sapentiam
716 1494 819 1550 advehe

4 1606 6 1626 .
482 1569 573 1633 Ponto,
725 1584 727 1591 ‘

4 1645 6 1668 *
75 1650 233 1714 caster-eum,
245 1650 364 1715 stuppas,
376 1642 500 1709 ebenum,
512 1644 585 1708 thus,
598 1642 699 1698 lubrica
711 1644 774 1701 Coa.
841 1656 880 1700 135

74 1719 148 1775 Tolle
157 1736 247 1773 reeens
258 1720 362 1791 primus
374 1718 450 1791 piper
459 1718 589 1773 e'sitiente
597 1717 706 1773 camelo.

76 1795 152 1850 Verte
162 1793 274 1865 aliquid,
286 1793 415 1848 iura.u-·-
424 1793 834 1862 Sedlupttaraudietss—nlllnem

4 1869 5 1872 ’
75 1870 149 1934 baro,
160 1876 325 1943 regustatum
337 1867 420 1941 digito
428 1869 557 1924 terebrare
567 1868 683 1924 salinum

76 1950 215 2000 eontentus
224 1959 342 2016 perages,
355 1945 377 1998 si
389 1943 479 2000 vivere
487 1961 549 1999 eum
561 1944 742 1999 tormentis«
751 1974 790 1986 -

76 2021 132 2075 lam
144 2019 235 2091 pueris
245 2017 343 2090 pellem
352 2018 820 2089 srreeinctusetoenophorumaptas:
840 2027 880 2073 ltu
932 2047 937 2052 ·

78 2095 159 2152 (laius
167 2098 203 2149 ad
212 2095 319 2149 neuen!
328 2124 366 2135 —
376 2092 449 2149 Nihil
460 2093 554 2158 obstat,
566 2093 634 2164 quin
644 2093 717 2148 trabe
725 2101 798 2150 vasta

77 2171 212 2243 Aegaeum
222 2169 319 2240 rapias,
333 2167 675 2224 nisisullersluxuriaante
726 2173 728 2178 '
778 2181 780 2183 ·
829 2177 831 2181 ’

77 2245 216 2302 seductum
226 2250 344 2298 moneat:
365 2241 732 2310 »Qundeindeinsaneruisl
749 2243 825 2315 qun?

77 2319 148 2386 Quid
160 2318 210 2374 tibi
222 2317 284 2374 vis‘l
301 2317 393 2374 Cali'do
401 2318 454 2373 sub
464 2326 566 2389 pectore
574 2316 692 2388 maseula
703 2315 765 2373 bilis

78 2393 215 2457 intumuit,
226 2409 308 2465 quarn
318 2405 371 2447 non
383 2393 539 2449 exstinxerit
548 2410 615 2449 urna
624 2392 732 2457 cicutae.
841 2400 880 2447 lit

78 2470 145 2524 Tun’
154 2485 229 2524 mare
237 2467 404 2537 transsiliunt
420 2468 478 2534 tibi¹
489 2475 556 2523 torta
564 2467 684 2523 cannabe
696 2467 770 2531 [ulte.
901 2468 912 2479 ⁴

78 2561 157 2599 onena
165 2544 201 2597 sit
210 2543 239 2598 in
248 2541 382 2598 tra-nstro?
400 2543 628 2615 Veientanumque
637 2542 771 2599 rubellum

78 2617 191 2682 exhalet,
204 2617 299 2689 vapida
308 2617 410 2673 laesum
420 2617 486 2689 piae,
508 2617 697 2673 fissilisobba‘l
771 2651 774 2655 «

79 2692 150 2761 Quid
159 2690 247 2765 petis?
264 2700 294 2748 ut
303 2693 389 2760 numi,
401 2710 469 2765 quos
479 2691 538 2747 heic
547 2692 696 2765 quincunce
705 2690 822 2746 modesto
