2250 3250
376 101 607 149 sarianum.
660 73 685 110 ³
764 126 766 129 ·
834 99 866 153 ea

117 202 169 257 Par
182 199 425 273 Agamemnonidae
435 204 548 272 crimem
571 204 616 258 sed
627 221 705 261 eausa
715 200 776 258 iacit
785 222 840 259 rem
884 215 922 259 225

115 274 288 331 dissimilem.
319 275 423 349 Quippe
434 278 478 332 ille
488 279 545 353 deis
555 279 706 345 auetoribus
716 279 784 333 ultor

115 351 201 423 patris
211 358 275 414 erat,
286 353 354 405 caesi
365 353 451 406 media
462 353 531 407 inter
539 353 647 424 pecula;
669 353 716 409 sed
726 370 773 408 nee

115 426 234 490 Electrae
244 426 375 500 iugulose
384 420 488 498 polluit,
498 437 543 482 aut
552 428 673 500 Spartani

115 501 389 574 sanguinemniugii3
411 502 494 556 nullis
504 505 605 558 aconita
616 503 774 575 propinquis

114 575 235 637 miscuit,
247 575 274 629 in
283 592 362 635 scena
376 595 523 649 numquam
534 579 776 646 cantavittlrestes3
883 586 922 631 220

115 651 208 705 Troica
219 666 271 704 non
281 651 395 722 scripsit.
429 651 825 727 QuidenimVerginiusarmis

114 726 209 781 debuit
217 724 309 779 ulcisci
318 727 414 799 magis,
427 736 472 781 ant
480 745 542 798 cum
554 729 663 784 Vindice
672 727 778 783 Galba?

113 801 182 874 qnid
192 802 260 855 Nero
270 809 323 854 tam
334 802 416 855 saeva
421 803 556 875 crudaque
565 801 706 876 tyrannide
715 802 793 857 iecit?

113 878 186 930 Haec
194 892 273 947 opera
282 884 362 948 atque
372 877 421 931 hae
430 884 494 932 sunt
502 878 624 951 genemsi
633 877 764 948 Principis
776 883 854 943 artes,

112 950 256 1027 gaudentis
267 949 341 1005 foedo
350 953 486 1026 peregrina
497 953 529 1007 ad
538 952 641 1025 pulpita
652 951 722 1006 saltu
882 961 921 1005 225

113 1025 249 1099 prostitui,
260 1025 407 1098 Graiaeque
417 1028 509 1099 apium
519 1029 650 1091 meruisse
659 1044 782 1083 auronae,

112 1102 247 1157 Maiorum
258 1099 359 1180 efligies
369 1102 483 1157 habeant
492 1103 608 1176 insignia
620 1104 704 1158 vacis:

113 1185 176 1232 ante
186 1176 266 1248 pedes
275 1177 372 1232 Demiu
383 1177 492 1252 longum
503 1187 533 1232 tu
543 1195 612 1249 pone
621 1179 751 1252 Thyestae

112 1269 207 1326 syrma
217 1250 259 1307 vel
269 1252 416 1326 Antigones
425 1270 472 1308 san
483 1270 622 1324 personam
632 1254 803 1325 Menalippes,

112 1327 183 1383 etde
193 1342 339 1382 marmoren
348 1327 475 1383 citharam
488 1327 623 1399 suspende
635 1327 743 1394 enlosso.
881 1335 920 1378 235

112 1402 196 1469 Quid.
208 1401 328 1467 Catilina,
341 1403 395 1467 tuis
404 1403 537 1458 natalibus
547 1410 627 1474 atque
638 1402 746 1475 Cethegi

112 1477 233 1532 inveniet
242 1478 387 1549 quisquam
396 1477 562 1534 sublimius?
580 1479 662 1534 Arma
675 1485 762 1533 temen
775 1494 824 1532 vus

113 1560 281 1624 nocturnauet
289 1550 410 1608 flammas
423 1554 548 1610 domibus
557 1553 717 1626 templisque
726 1552 848 1626 parastis,

113 1630 322 1684 utBracatorum
332 1630 407 1701 pueri
417 1628 607 1701 Senonumque
617 1629 742 1694 minores,

113 1704 183 1768 ausi,
196 1704 269 1776 quod
282 1702 455 1758 liceattunica
464 1704 560 1776 punire
571 1702 690 1759 molesta.
879 1710 919 1754 235
987 1767 991 1776 „

93 1821 96 1826 «
113 1777 165 1834 Sed
176 1776 268 1852 vigilat
278 1778 388 1845 Consul,
399 1778 550 1851 vexillaque
559 1787 645 1835 vestra
655 1785 763 1834 coercet.

113 1855 162 1909 Hic
172 1871 258 1909 nevus
267 1854 391 1925 Arpinas,
403 1854 539 1929 ignobilis,
550 1864 577 1911 et
584 1855 664 1910 modu
672 1856 770 1911 Romae

114 1927 285 2002 municipalis
294 1929 395 2001 Eques,
406 1929 539 2003 galeatum
549 1931 624 2002 ponit
633 1930 735 2001 ubique

113 2004 277 2076 praesidium
291 2002 425 2069 adtonitis,
438 2012 463 2059 et
473 2006 500 2060 in
510 2004 585 2060 omni
594 2012 673 2078 gente
682 2002 792 2058 laborat.
803 2009 808 2013 ’

113 2081 228 2135 Tantum
239 2080 320 2153 igitur
330 2081 500 2153 murosintra
511 2088 569 2154 toga
579 2077 689 2134 eontulit
698 2078 738 2133 illi
878 2083 918 2132 tiu

114 2156 232 2210 nominis
244 2163 270 2209 et
279 2154 359 2220 tituli,
370 2164 502 2227 quantum
512 2172 564 2211 nnn
575 2153 704 2230 Leueade,
719 2161 850 2227 quantum

113 2229 263 2285 Thessaliae
273 2231 374 2302 campis
386 2230 511 2286 Octavius
521 2229 632 2285 abstulit
641 2229 694 2286 udo

113 2306 239 2360 caedibus
249 2303 369 2360 adsiduis
380 2305 477 2380 gladio.
507 2305 559 2362 Sed
569 2307 652 2361 Roma
664 2312 809 2378 parentem,

113 2380 195 2436 Roma
206 2387 306 2452 patrem
317 2382 417 2451 patriae
428 2382 581 2438 Ciceronem
594 2381 675 2437 libera
685 2381 764 2437 dixit.
825 2437 831 2446 ,

113 2453 228 2526 Arpinas
239 2454 309 2510 alius
318 2455 472 2513 Volscorum
485 2457 515 2512 in
523 2466 614 2514 monte
622 2456 722 2513 solebat
877 2460 917 2509 245

111 2548 218 2601 posoere
227 2531 368 2604 mercedes,
380 2531 466 2588 aliene
475 2530 562 2592 lassus
573 2541 670 2600 aratro.;

112 2606 239 2661 nodosam
249 2614 309 2678 post
318 2607 381 2662 haec
390 2606 527 2682 frangebat
535 2611 631 2664 vertice
641 2608 731 2670 vitem,
833 2649 836 2653 Α
884 2635 902 2648 ”a

699 2698 751 2753 Ga
