2250 3250
383 107 530 156 sauma
548 110 616 157 XIII.
755 128 770 138 ·
825 111 873 164 {35
887 137 898 156 e

101 212 253 280 Perpetua
262 208 389 274 anxietas,
401 228 448 264 nec
458 229 566 265 mensae
573 219 690 283 tempore
698 223 791 282 cesset,

102 284 246 339 faucibus
256 292 285 338 ut
295 285 387 339 morbo
395 285 471 339 sioois
481 286 602 357 interque
612 287 724 342 molares

102 357 226 413 difficili
236 360 448 415 eresoeutacibo:
466 355 586 415 sediine
596 360 717 416 misellus
790 368 792 376 ’

103 434 246 505 exspuit3
267 433 364 489 Albani
375 435 469 490 veteris
478 436 590 507 pretiosa
599 445 719 492 senectus

105 508 252 579 displicer.
286 507 414 565 Ostendes
424 509 529 576 melius,
544 510 701 567 densissima
714 528 780 587 ruga
888 526 928 570 215

106 584 227 656 cogitur
237 584 265 638 in
276 582 397 650 frontem,
409 585 483 640 velut
492 586 545 640 aeri
554 586 632 642 ducta
641 585 760 642 Falerno.

106 661 204 712 Nocte
213 658 320 714 brevem
330 660 353 713 si
363 658 428 714 forte
436 659 619 716 indulsitcura
628 677 759 733 soporum,

108 742 143 787 et
156 740 212 789 toto
222 742 323 789 versate
333 742 389 790 toro
399 735 452 789 iam
466 736 585 791 membra
595 737 748 808 quieseunt3
801 766 805 783 ι

108 809 249 863 contiuuo
258 809 387 880 tempium
397 818 423 864 et
432 809 521 865 violati
531 799 651 865 numinis
661 828 719 865 aras

109 891 154 948 et,
169 883 241 955 quod
251 885 399 955 praecipuis
411 893 524 939 mentem
537 885 681 939 sudoribus
692 893 776 959 urget,
807 894 813 912 ’
887 897 926 940 225

112 968 144 1012 te
160 957 269 1013 videtin
281 959 396 1028 somnis;
419 967 463 1014 tua
473 976 546 1014 seem
555 967 581 1025 et
591 959 674 1017 iaaior
683 959 771 1035 imago

112 1034 240 1105 humanu
251 1034 340 1088 turbat
348 1033 485 1105 pavidum,
495 1035 618 1108 cogitque
627 1032 709 1090 fateri.

112 1108 153 1162 Hi
166 1115 238 1173 sunt,
253 1109 300 1181 qui
310 1108 442 1179 trepidant
452 1111 520 1163 etad
533 1111 622 1164 omnia
633 1108 738 1183 fulgura
747 1110 855 1181 palleat,

113 1183 869 1256 quumtouat,exanimesquoqueprimomurmurecoeii3

115 1276 176 1314 nou
187 1259 264 1329 quasi
274 1257 406 1323 fortuitus,
419 1275 467 1313 nec
476 1266 615 1313 ventorum
625 1258 705 1324 rabie,
714 1258 760 1313 sed
887 1269 926 1312 225

116 1335 205 1388 iratus
214 1333 290 1388 cadat
300 1333 327 1387 in
338 1341 418 1387 terras
427 1340 454 1388 at
462 1332 577 1388 vindicet
586 1333 664 1408 iguis.

116 1408 170 1463 Illa
180 1408 248 1463 nihil
258 1409 356 1474 nocuit,
368 1425 430 1463 oura
440 1408 560 1482 graviora
570 1408 677 1463 timetur

117 1484 243 1556 proxima
259 1491 408 1555 tempestas,
422 1482 495 1539 velut
505 1483 554 1538 hoo
562 1483 641 1539 dilata
655 1499 757 1540 sereno.

119 1561 265 1625 Praeterea,
277 1557 365 1614 lateris
374 1557 449 1633 vigili
458 1575 521 1613 cum
530 1557 603 1614 febre
611 1558 728 1614 dotorem

96 1622 106 1636 Χ
119 1636 144 1690 si
159 1651 265 1706 ooepera
277 1635 341 1706 pati,
354 1635 468 1689 missum
477 1633 569 1689 adsue
579 1651 686 1705 oorpora
697 1634 820 1689 morbum
887 1644 926 1688 ‘rto

19 1777 23 1784 ¹
37 1736 41 1742 ·
121 1709 218 1766 infesto
228 1711 361 1766 credunta
372 1709 497 1764 numine:
517 1726 581 1764 saxa
592 1709 702 1765 deorum

120 1788 187 1841 haec
195 1793 221 1840 et
229 1784 279 1841 tela
289 1786 392 1857 putant.
421 1782 550 1839 Pecudem
563 1784 692 1857 spondere
702 1782 797 1839 sacello

121 1860 422 1925 balantem‚fetuariuus
432 1859 537 1915 cristam
550 1861 699 1931 promittere
708 1858 773 1933 galli

122 1954 177 1991 nou
187 1936 297 1991 audent:
317 1934 466 2007 quideuim
476 1951 581 2006 sperare
591 1934 744 1990 nocentibus
757 1934 843 2007 aegris

121 2008 296 2065 conoessum?
313 2010 355 2066 vel
366 2027 434 2082 quae
443 2026 494 2064 nou
505 2009 612 2083 dignior
620 2009 706 2064 hostia
717 2006 789 2065 vita?
887 2019 926 2062 235

124 2085 231 2140 Mobilis
241 2092 267 2140 et
276 2085 346 2140 varia
358 2093 399 2139 est
408 2082 489 2140 ferme
498 2092 592 2140 natura
601 2084 742 2140 malorum.
798 2113 801 2117 ·

123 2160 213 2226 Quum
224 2159 308 2215 sosius
316 2160 468 2226 admittunt,
483 2167 604 2288 superest
613 2159 767 2216 constantia.
801 2157 872 2225 Quid

306 2259 310 2266 ·
536 2251 566 2289 as

68 2339 73 2346 ·
125 2315 205 2379 atque
218 2306 299 2373 nefas,
310 2310 414 2365 taudem
425 2309 556 2381 incipiunt
564 2309 661 2366 sentire
670 2316 781 2380 peractis

124 2382 288 2439 criminibus.
320 2385 559 2441 Tameaadmores
568 2392 661 2441 natura
670 2386 780 2439 recurrit

123 2459 270 2524 damnatos,
284 2460 337 2515 fixa
346 2469 372 2516 et
381 2460 478 2514 mutari
488 2459 585 2514 nescia.
614 2460 755 2531 Numquis
886 2465 926 2517 utu

123 2534 246 2606 peccandi
257 2535 338 2591 finem
348 2535 436 2608 posuit
445 2533 517 2589 sibit
534 2535 642 2607 quaudo
652 2533 748 2605 recepit
915 2544 917 2547 ’

123 2610 233 2665 eiectum
243 2609 324 2668 semel
334 2611 420 2665 attrita
432 2609 465 2665 da
474 2609 558 2665 fronte
571 2607 712 2672 ruborem?
