2250 3250
361 148 505 195 essina
527 149 585 196 vn.
693 146 702 161 ·
811 110 859 199 ei

86 245 281 316 spirantesque
290 262 377 300 orooos
387 255 412 301 et
422 248 449 301 in
460 266 528 303 nrna
538 257 695 320 perpetuum
705 268 759 317 ver,

87 321 134 391 qui
147 328 347 391 praeceptorem
357 323 441 376 saneti
452 322 557 377 voluere
567 325 682 394 parentis

45 426 47 475 3
87 412 146 447 esse
157 394 234 449 1000!
260 395 480 468 Metuensvirgae
489 398 541 453 iam
551 398 661 471 grandis
673 395 789 454 Achilles
858 411 898 454 210

45 494 46 531 j
87 469 215 522 cantabat
224 470 319 540 patriis
329 471 357 523 in
368 471 516 526 montibus:
538 481 563 526 et
571 474 614 526 eui
626 489 678 528 non
689 482 752 528 tunc

87 542 196 597 elioeret
206 544 292 604 risum
302 543 444 599 citharoedi
454 546 537 599 cauda
547 547 684 620 magistri?

88 616 250 672 sedRuium
260 618 413 689 atquealios
423 619 562 674 caeditsua
572 639 706 693 quemque
716 623 849 688 iuventus,

88 690 205 756 Rufum,
216 692 264 764 qui
274 692 350 746 toties
360 693 510 748 Ciceronem
520 694 662 769 Allobroga
671 697 749 752 dixit.
807 690 810 695 ⁴

124 765 198 831 Quis
208 767 310 839 gremio
318 767 441 821 Enceladi
453 767 574 838 doctique
585 769 748 825 Palaemonis
758 771 840 835 affert,
857 781 896 823 215

88 848 226 910 quantum
246 842 435 913 grammaticus
457 842 657 897 meruitiabor‘?
674 851 700 897 et
713 852 799 899 tamen
809 863 843 899 ex

488 917 555 980 boc,

88 989 285 1063 quodcumque
299 996 347 1055 est,
363 987 463 1062 (minus
471 998 511 1045 est
522 998 619 1057 autem,
635 1008 716 1064 quam
731 990 842 1046 rhetoris

497 1084 557 1120 aera

88 1135 218 1209 discipuli
229 1145 317 1191 eustos
326 1137 489 1208 praemordet
497 1066 694 1193 Aoognonodtns

86 1219 121 1275 et,
134 1213 188 1284 qui
197 1212 340 1283 dispensat,
352 1210 449 1285 frangit
461 1213 536 1268 sibi.·
553 1214 630 1279 Cede,
642 1212 790 1277 Palaemon,

89 1295 113 1338 ει
121 1295 214 1358 patere
223 1285 284 1340 inde
293 1285 395 1356 aliquid
408 1288 561 1353 decressere,
575 1304 627 1342 non
638 1287 720 1352 aliter,
731 1305 813 1359 quam
856 1296 896 1339 222
990 1358 995 1367 .

89 1360 197 1416 institor
209 1361 334 1415 hibernae
343 1361 436 1432 tegetis
445 1361 570 1432 niveique
578 1360 693 1425 cadurci,
708 1424 714 1428 ⁴

89 1434 239 1490 dummodo
248 1452 281 1489 ne
290 1443 386 1506 pereat,
397 1435 499 1490 mediae
508 1435 579 1508 quod
593 1436 676 1491 noetis
686 1434 719 1493 ab
729 1435 793 1490 bora

89 1510 194 1574 sedisti,
209 1526 262 1580 qua
273 1526 350 1565 nemo
359 1508 441 1573 faber,
453 1527 506 1582 qua
517 1528 596 1566 nemo
604 1509 719 1574 sedebat,

89 1586 136 1655 qui
146 1585 224 1641 dooet
232 1583 342 1656 obliquo
351 1582 438 1639 ianam
450 1585 578 1640 deduoera
587 1584 667 1652 ferro,

90 1660 238 1715 dummodo
249 1676 299 1714 non
309 1667 399 1731 pereat
408 1659 514 1714 totidem
527 1660 647 1714 olfecisse
657 1659 785 1721 lucernas,
855 1666 894 1710 225

91 1744 157 1805 quot
168 1735 274 1788 stabant
282 1734 367 1806 pueri,
380 1750 465 1805 quum
475 1742 547 1788 totns
555 1732 658 1790 decolor
668 1740 738 1798 esset

89 1808 211 1873 Flaccus,
226 1817 251 1879 et
264 1810 379 1864 haereret
388 1808 464 1881 nigro
478 1807 560 1882 fuligo
567 1808 681 1864 hieroni.

82 1882 160 1939 vRara
173 1890 261 1938 tamen
274 1900 381 1943 meroes.
394 1900 462 1954 quae
471 1883 619 1955 cognitione
628 1882 728 1938 tribuni

91 1974 144 2013 non
168 1965 251 2030 egeat.
280 1956 488 2028 Sedvossaevas
497 1957 624 2027 imponite
634 1954 714 2028 leges,

90 2041 120 2085 nt
129 2032 290 2103 praeceptori
300 2031 440 2086 verborum
451 2031 540 2104 regula
551 2037 659 2093 constet,
854 2038 894 2081 23⁰

91 2114 120 2159 nt
132 2107 205 2178 legat
213 2105 343 2170 historias,
357 2114 474 2160 auctores
488 2106 698 2166 noveritomnes,
782 2145 785 2153 .

90 2188 228 2252 tamqnam
239 2197 342 2251 ungues
351 2180 500 2253 digitosque
509 2197 586 2246 su0s;
609 2187 638 2234 nt
648 2176 711 2233 forte
721 2188 836 2252 rogatus,

90 2254 156 2308 dnm
167 2254 232 2325 petit
242 2261 288 2307 aut
297 2253 411 2308 thermas
421 2263 467 2309 aut
476 2255 573 2309 Phoebi
584 2253 685 2315 balnea,
699 2251 768 2307 dicat

91 2329 221 2383 nutricem
231 2328 370 2391 Anchisae,
382 2346 477 2383 nomen
489 2329 653 2400 patriamque
662 2343 788 2382 novercae

90 2402 261 2469 Anchemeii;
282 2402 360 2466 dieat,
373 2411 438 2473 quot
448 2405 552 2458 hoestos
563 2403 659 2458 vixerit
668 2417 761 2466 annos,
853 2408 893 2454 225

90 2486 156 2547 quot
165 2476 271 2532 Siculus
282 2476 435 2550 Phrygibus
448 2476 649 2532 vinidonaverit
659 2493 750 2530 urnas.

90 2552 206 2625 Exigite,
219 2560 250 2606 nt
260 2568 347 2606 mores
358 2560 459 2606 teneros
468 2568 516 2606 oen
526 2552 621 2624 poiiiee
633 2551 720 2612 dueat,
747 2592 750 2597 .

90 2635 121 2683 ut
134 2627 158 2680 si
167 2625 230 2698 quis
239 2643 297 2681 cera
311 2625 415 2682 vultum
426 2625 501 2682 saeit:
522 2625 628 2700 exigite,
641 2632 671 2680 ut
680 2623 719 2692 sit,
