2250 3250
308 221 342 279 ΞΟ
584 227 615 275 Α.
637 223 768 274 PERSII

308 334 347 393 ut,
355 334 488 399 quantum
499 327 567 382 mihi
577 335 603 382 te
612 327 720 383 sinuoso
730 327 757 381 in
768 333 869 397 pectore
881 323 938 391 bxi,

309 419 372 458 voce
381 403 485 459 traham
494 420 571 474 pura,
583 410 722 475 totumque
734 402 784 457 hcc
793 401 874 455 verba
884 401 1038 475 resignent,

309 477 381 551 quod
392 477 453 531 latet
461 494 554 532 arcana
564 494 618 532 non
627 476 773 532 enarrabile
784 476 858 530 tibra.
953 498 958 507 ·

254 562 280 609 to
346 551 563 623 Quamprimum
574 550 1065 624 pavidocustosmibipurpuraoessit,

309 625 436 698 bullaque
444 626 584 681 succinctis
595 626 696 681 laribus
705 626 799 681 donata
810 624 950 696 pependit3

309 718 396 773 quum
409 700 500 756 blandi
510 702 628 766 comites,
640 708 746 772 totaque
754 700 866 771 impune
874 698 996 755 Suburra

309 776 428 848 permisit
437 776 567 848 sparsisse
575 775 666 831 oculos
678 776 732 830 iarn
740 773 869 830 candidus
881 774 978 842 umbo;

310 868 450 924 quumque
460 852 508 906 iter
517 851 675 925 ambiguum
684 857 732 915 cst,
743 857 768 905 et
778 849 846 904 virae
855 849 961 904 nescius
970 865 1050 905 error

254 939 280 984 35
308 925 410 981 diducit
419 926 533 998 trepidas
546 943 649 982 ramosa
658 927 687 981 in
696 923 809 996 compita
819 931 934 979 mentes:

308 1018 352 1055 me
362 1001 410 1055 tibi
421 1001 561 1072 supposui.
591 1001 703 1056 Teneros
713 1007 742 1054 tu
752 998 866 1069 suscipis
875 1015 960 1053 annos

308 1074 446 1139 Socratico,
459 1075 582 1140 Cornute,
593 1075 666 1129 sinu.
695 1075 770 1129 Tunc
778 1072 868 1128 iaiiere
877 1072 970 1128 soliers

309 1146 427 1220 adposita
437 1149 546 1204 intortos
555 1149 673 1204 extendit
681 1148 772 1223 reguis
784 1164 881 1213 mores,

309 1231 335 1278 et
344 1224 473 1294 premitur
481 1224 581 1279 ratione
590 1224 697 1279 animus
707 1223 832 1295 vincique
844 1222 954 1287 laborat,

254 1307 281 1354 to
309 1298 489 1371 artificemque
498 1305 545 1353 tuo
556 1298 631 1353 ducit
639 1299 692 1353 sub
702 1298 797 1369 poiiice
808 1296 925 1352 vultum.

310 1373 406 1428 Tecum
417 1373 513 1428 etenim
523 1372 618 1447 longos
626 1372 736 1428 memini
745 1388 900 1429 consumere
912 1370 991 1437 scies.

308 1456 334 1503 et
344 1456 430 1503 tccunr
439 1450 539 1520 primas
548 1447 634 1520 epuiis
643 1448 780 1517 decerpere
789 1455 885 1502 noctes.

310 1524 400 1578 Ununr
409 1539 476 1594 opus
485 1532 511 1577 et
520 1524 638 1593 requiem
648 1521 923 1592 paritsrdispouimus
932 1512 1023 1587 umbo,

310 1605 389 1669 atque
403 1595 549 1654 verecunde
558 1595 681 1652 laxamus
693 1596 761 1652 seria
771 1613 873 1653 mensa.

255 1681 282 1729 45
309 1674 368 1728 Non
377 1672 501 1745 equidem
511 1672 560 1728 boc
569 1672 683 1738 dubites,
697 1672 838 1727 amborum
849 1670 951 1727 foedere
960 1681 1033 1726 certo

309 1745 456 1803 consentire
465 1747 530 1812 dies,
541 1754 567 1802 et
577 1748 610 1802 ab
619 1765 674 1802 uno
683 1747 769 1804 sidere
776 1745 848 1801 duci.

309 1824 403 1877 Nostra
413 1820 455 1877 vel
468 1822 570 1893 aequali
584 1821 723 1892 suspendit
734 1828 851 1892 tempora
860 1820 940 1876 Libra

310 1898 388 1950 Parca
399 1904 476 1950 tenax
485 1896 551 1960 veri,
563 1913 611 1951 seu
621 1903 681 1950 nata
691 1895 814 1950 fidelibus
824 1896 887 1951 hora

257 2057 282 2100 5ο
310 2045 508 2119 Saturnumque
517 2062 626 2119 gravem
636 2053 725 2101 nostro
735 2047 796 2100 love
807 2043 955 2175 frangimus
969 2060 1033 2100 uua.

311 2119 405 2176 Nescio
428 2120 501 2193 quod
525 2128 594 2176 certe
616 2129 664 2185 cst,
689 2120 762 2193 quod
783 2136 827 2174 me
845 2120 864 2173 ti
884 2119 893 2174 i
915 2126 1060 2190 temperat,

619 2237 621 2241 -
714 2202 872 2250 amum.-
974 2225 1002 2248 ·ο

348 2267 420 2324 Mille
429 2268 569 2326 hominum
582 2270 691 2342 species,
702 2278 728 2325 st
739 2287 829 2325 rerum
838 2266 952 2325 discolor
960 2286 1041 2327 usus.

310 2342 384 2400 Velle
392 2361 474 2399 suum
483 2346 582 2416 cuique
590 2353 638 2412 est,
652 2363 700 2401 neo
712 2352 772 2400 voto
782 2345 882 2403 vivitur
890 2361 953 2400 uno.

310 2417 443 2473 Mercibus
455 2418 500 2474 hic
510 2419 583 2473 itaiis
593 2427 678 2475 mutat
689 2420 742 2476 sub
751 2420 806 2480 sole
816 2419 913 2486 recenti

257 2504 282 2548 55
311 2509 438 2568 rugosum
447 2494 523 2565 piper
535 2501 560 2547 et
569 2494 691 2565 pellentis
700 2495 908 2568 granacumini:

211 2579 228 2598 ⁸
292 2567 355 2621 ¹'bic
363 2574 436 2621 satur
446 2568 547 2642 irriguo
556 2568 658 2623 mavult
667 2576 814 2641 turgescere
823 2586 930 2626 somno:

310 2641 355 2697 hic
364 2658 458 2713 campo
467 2641 600 2716 indulget:
620 2643 693 2699 hune
703 2642 758 2698 aies
767 2643 902 2715 decoquit:
924 2644 970 2700 iiie

312 2717 340 2771 in
352 2717 477 2775 Venerem
487 2725 527 2773 est
537 2718 638 2790 putris:
659 2718 705 2773 sed
715 2734 801 2789 quum
811 2717 929 2789 lapidosa
937 2719 1063 2793 chiragra
