2250 3250
307 131 339 185 ao
534 189 537 193 J
570 98 778 183 ruvnunms

306 236 497 310 Illyricumque
508 233 593 292 latus:
614 233 970 308 paroeetmossoribusillis,
1008 286 1012 291 s
1111 248 1112 251 ’

307 311 355 383 qui
368 317 487 369 saturant
495 309 590 366 urbem
602 310 679 366 Ciroo
686 303 832 382 Quaeque
840 318 992 367 vacantem.

206 432 208 438 .
307 386 411 453 Quanta
427 391 514 441 autem
530 384 592 440 inde
605 384 671 441 feras
682 392 734 441 tam
743 384 816 439 dirae
825 384 943 455 praemia
951 384 1056 458 culpae,

254 470 293 515 12⁰
307 477 394 532 quum
405 466 495 515 tenues
506 476 591 530 nuper
602 459 701 515 Marius
710 458 866 513 discinxerit
875 457 972 515 Alios?

309 533 463 591 Curandum
474 534 502 589 in
511 533 617 606 primis,
624 551 662 589 ne
675 550 772 607 magna
782 533 880 590 iniuria
893 533 940 588 liat

294 609 418 664 ,fortibus
428 616 454 665 at
462 608 578 665 miseris.
598 606 686 664 Tollas
695 608 754 663 lioat
762 624 851 674 omne,
861 607 1055 680 quodusquam
1110 627 1111 630 ¹

710 689 751 738 ast

307 758 365 813 auri
380 764 585 830 atquoargent13
605 765 711 828 sontum
726 755 901 832 gladiumque
910 755 1042 829 relinques

307 832 586 908 etiaeulaetgaleam:
607 831 725 905 spoliatis
735 848 808 889 arma
818 838 968 904 supersunt
1049 873 1057 879 .

253 917 293 963 125
307 907 385 977 Quod
394 907 471 962 modo
480 907 615 980 proposui,
628 923 680 963 non
689 913 728 962 ast
737 905 879 981 sententia:
899 913 995 963 verum

291 982 403 1037 ‚credite
412 998 455 1038 me
464 981 540 1036 vobis
548 980 644 1049 lolium
655 982 762 1041 recitare
770 979 899 1055 Sibyllae.
1002 1014 1014 1027 x

306 1057 335 1111 si
345 1056 392 1111 tibi
402 1062 491 1112 sancta
500 1055 593 1113 oohors
603 1056 740 1122 uomitum¹
750 1057 774 1129 si
785 1073 863 1112 nemo
871 1053 988 1112 tribunal

237 1184 241 1192 ,
306 1129 397 1187 vendit
409 1131 600 1195 temones,
619 1130 643 1186 si
658 1129 764 1191 nullum
778 1131 807 1186 in
818 1130 932 1204 ooniugs
942 1130 1035 1205 crimogr

307 1223 355 1261 neo
362 1223 410 1278 per
418 1213 564 1262 eonventua
573 1222 621 1261 noo
630 1213 723 1262 cuncta
731 1222 779 1278 per
787 1204 885 1277 oppida
893 1203 984 1261 curvis
1073 1238 1077 1245 -

252 1290 292 1334 rao
307 1282 444 1356 unguibus
454 1280 491 1336 iro
500 1288 574 1353 parat
583 1297 680 1336 numos
690 1289 797 1351 raptura
806 1279 930 1337 Celaeno:

307 1355 463 1413 tunolioeta
476 1356 536 1412 Pioo
544 1372 668 1411 numeres
677 1372 772 1428 genus,
785 1353 889 1426 altoque
896 1355 922 1408 si
930 1360 956 1411 to

306 1431 416 1486 nomina
425 1429 561 1495 delectant.
572 1447 680 1485 omnem
689 1428 810 1484 Titanida
818 1445 939 1502 pugnam

308 1504 376 1558 inter
384 1502 496 1557 maiores
506 1504 649 1576 ipsumque
658 1504 811 1560 Promethea
819 1519 917 1575 ponas:

306 1578 339 1633 de
348 1593 518 1651 quocumque
527 1576 600 1634 voles
612 1575 799 1651 proavum'tibi
808 1578 907 1635 sumito
917 1576 991 1634 libro.

252 1664 291 1708 135
306 1653 383 1722 Quod
391 1654 416 1709 si
425 1654 592 1726 praecipitem
600 1655 669 1730 rapit
677 1655 786 1712 ambitio
794 1661 874 1727 atque
883 1653 976 1722 libido,

305 1729 329 1783 si
339 1728 440 1802 frangis
448 1728 538 1800 virgas
547 1730 679 1786 sociorum
689 1730 718 1785 in
728 1732 867 1804 sanguine,
878 1729 903 1784 si
912 1737 942 1786 to.

305 1801 434 1857 delectant
442 1801 547 1856 hebetes
556 1800 625 1858 lasso
634 1803 723 1860 liotore
731 1821 850 1873 seeures3

307 1876 401 1948 incipit
410 1875 528 1949 ipsorum
538 1886 741 1937 eontratostare
749 1886 889 1951 parantum

305 1952 439 2019 nobilitas,
449 1951 603 2025 claramque
611 1952 694 2010 laeam
701 1953 834 2026 praeferre
843 1950 986 2026 pudendis.

185 2087 188 2092 ,
252 2033 292 2080 140
306 2026 392 2083 Omna
405 2028 488 2083 animi
499 2028 595 2084 vitium
605 2036 677 2084 tanto
687 2030 850 2102 conspectius
860 2029 888 2083 in
901 2044 930 2082 sa
944 2096 945 2099 Ἴ

305 2101 405 2157 crimen
416 2103 503 2169 hahet,
516 2110 616 2174 quanto
622 2104 718 2169 maior,
730 2103 777 2175 qui
786 2110 883 2175 peooat.
895 2101 1016 2162 habetur.

240 2241 244 2244 .
306 2175 365 2243 Quo
373 2177 441 2233 mihi
450 2186 484 2243 te,
495 2178 603 2236 solitum
613 2178 693 2236 falsas
702 2178 808 2252 signare
816 2176 925 2236 tabellas

306 2251 335 2306 in
344 2250 460 2323 templis,
471 2270 541 2325 quaa
550 2252 611 2310 fecit
619 2270 694 2319 auus,
706 2260 875 2325 statuamque
884 2250 1000 2324 parentis

306 2333 367 2382 ante
374 2326 582 2399 triumphalem?
600 2345 663 2401 quo,
673 2328 698 2384 si
709 2334 854 2386 nocturnus
862 2325 964 2382 adulter

253 2407 292 2454 llo
306 2407 423 2474 tempora
430 2399 571 2461 Santonioo
581 2402 652 2458 velas
661 2403 782 2476 adoperta
791 2400 914 2458 cucullo?

307 2476 410 2532 Praeter
422 2475 554 2532 maiorum
563 2477 663 2534 oineres
672 2486 751 2551 atque
759 2494 819 2533 ossa
831 2474 933 2533 volueri
991 2509 997 2516 ·

306 2557 428 2623 carpento
438 2549 540 2622 rapitur
548 2551 658 2625 pinguis
670 2552 877 2625 Damasippuset-
886 2551 952 2623 ipse,

298 2627 364 2698 ‘ipse
374 2632 457 2682 rotam
467 2623 607 2703 adstringit
617 2626 700 2684 multo
709 2625 860 2686 sufflamine
868 2623 983 2684 Consul:
