2250 3250
316 152 353 205 ’90
586 154 797 200 IUVENALIS

318 259 507 331 Chrysogonus
516 255 609 326 quanti
619 254 717 317 doceat,
733 253 773 307 vol
785 251 867 306 Pollio
876 253 972 324 quanti

319 332 450 387 lautorum
460 347 564 401 pueros,
580 334 660 384 artem
671 327 794 387 scindens
807 327 946 383 Theodoti.

317 406 413 462 Balnea
426 406 564 467 sexcentis,
576 412 601 458 et
611 403 696 474 pluris
706 403 831 474 porticus,
844 402 938 472 inqua

319 488 435 555 gestetur
443 479 578 542 dominus,
589 479 693 549 quoties
702 477 780 549 pluit.
808 477 888 531 Anne
896 493 1027 533 serenum

266 568 304 609 teu
318 561 456 625 exspectet,
469 561 627 626 spargatque
637 553 692 608 luto
702 553 818 631 iumenta
828 549 945 606 retenti?

268 670 271 675 -
319 631 367 684 Hic
377 629 477 699 potius:
500 624 1083 699 namquehicmundaenitetunguiamulae..

320 705 394 758 Parte
406 702 458 757 alia
470 701 555 775 longis
566 701 742 756 Numidarum
753 699 818 754 fulta
828 698 961 755 columnis

320 785 445 850 surgatet
454 777 585 850 algentem
595 778 677 849 rapiat
686 774 803 831 coenatio
812 773 905 831 solem.

320 852 533 923 Quanticumquc
542 850 648 915 domus,
660 850 755 913 veniet,
767 849 815 920 qui
825 847 923 903 fercula
932 847 1009 904 docte

267 938 306 981 185
319 926 465 997 componit:
487 926 582 988 veniet,
592 926 639 996 qui
650 918 824 996 pulmentaria
833 923 932 977 condit.

320 1003 373 1054 Hos
383 1001 390 1052 i
394 1008 450 1053 nter
458 1008 564 1054 sumtus
574 1000 692 1053 sestertia
701 996 872 1064 Quintiliano,

321 1083 350 1127 ut
361 1073 485 1139 muttum,
500 1072 554 1127 duo
563 1070 705 1126 sufficient.
738 1073 788 1126 Res
798 1071 872 1126 nulla
882 1070 993 1125 minoris

321 1146 450 1202 constabit
458 1147 535 1221 patri,
547 1164 629 1219 quam
641 1147 722 1201 tilius.
743 1146 837 1200 »Unde
849 1145 931 1218 igitur
939 1153 977 1200 tot

310 1220 717 1288 ‘Quintilianushahetsalrusta
738 1218 867 1289 Exempla
877 1236 1009 1275 novorum

268 1308 307 1351 teu
322 1296 434 1352 fatorum
444 1296 541 1351 transi:
562 1294 876 1366 ieiixetptrlceretaoer3
1042 1276 1058 1307 ⁴

322 1371 386 1426 felix
398 1378 423 1425 et
432 1370 537 1443 sapiens
546 1378 572 1424 et
582 1370 679 1425 nobilis
692 1374 717 1422 et
725 1384 869 1441 generosus

324 1447 468 1517 appositam
480 1445 571 1518 nigrae
580 1442 671 1499 lunam
681 1442 796 1497 subtexit
805 1440 903 1499 alutaer
919 1498 922 1503 ,

259 1541 264 1549 ·
322 1520 395 1581 felix,
405 1527 491 1571 cretur
500 1534 607 1588 qnoque
616 1517 751 1571 maximus
760 1523 785 1570 et
795 1514 934 1583 iaculatum

323 1601 357 1657 et,
368 1592 392 1646 si
401 1588 530 1663 perfrixit,
541 1599 627 1650 mutet
635 1591 712 1647 hene⁴
743 1590 826 1648 Distat
835 1591 915 1655 enirn,
927 1608 997 1664 quae

269 1679 307 1722 tet
322 1668 407 1722 sidera
417 1674 442 1721 te
454 1668 586 1739 excipiant
596 1665 673 1726 modu
682 1665 782 1739 primos
792 1666 959 1737 incipientem

322 1742 398 1796 edere
408 1741 523 1813 vagitus,
533 1749 559 1796 et
568 1742 679 1798 adhnca
691 1750 774 1795 matre
783 1740 933 1796 rubentem.

322 1815 351 1869 Si
364 1816 480 1867 Fortuna
489 1813 567 1878 volet,
579 1814 626 1869 ties
635 1814 668 1869 de
678 1815 779 1869 rhetore
788 1814 896 1878 consul;
959 1861 969 1874 .

323 1889 347 1942 si
357 1886 500 1944 volethaec
507 1888 609 1954 eadem,
623 1888 669 1943 fias
678 1888 711 1943 de
720 1888 828 1945 consule
838 1890 934 1944 rhetor.

322 1961 470 2019 Ventidius
485 1962 552 2036 quid
573 1962 665 2022 enim?
683 1963 750 2036 quid
764 1959 887 2018 Tullius?
904 1978 972 2020 anne
986 1960 1069 2027 aliud.

726 2055 808 2109 quam

269 2121 309 2165 20⁰
324 2111 399 2167 sidus
408 2119 433 2167 et
442 2111 536 2167 occulti
546 2110 665 2167 miranda
675 2114 789 2183 potentia
802 2110 867 2167 fati?

323 2185 413 2240 Servis
425 2186 627 2260 regradabunt,
638 2185 749 2258 captivis
757 2187 822 2244 Fata
831 2185 993 2257 triumphos.

285 2307 289 2326 ,
323 2258 399 2314 Felix
409 2258 454 2315 ille
464 2269 756 2333 tamencorvoquoque
765 2262 847 2316 rarior
856 2259 928 2330 albo.

324 2333 454 2390 Poenituit
463 2334 560 2390 multos
570 2352 654 2390 vanae
665 2334 815 2406 sterilisque
824 2334 968 2398 cathedrae,

306 2439 313 2450 ,
324 2407 393 2461 sicut
401 2405 592 2481 Thmsyinachi
614 2407 707 2479 probat
718 2409 806 2463 exitus
815 2417 894 2480 atque
902 2406 1018 2463 Secundi

270 2491 310 2535 tut
325 2480 482 2535 carrinatis:
502 2490 528 2534 et
537 2481 610 2536 hunc
620 2483 723 2553 inopem
735 2482 849 2545 vidistis,
859 2482 985 2546 Athenae,

325 2554 363 2610 nil
374 2563 474 2626 praeter
482 2554 584 2627 gelidas
595 2573 674 2610 ausae
682 2555 799 2614 conferre
805 2558 914 2612 cicutas.

324 2630 356 2688 ui
371 2628 502 2712 maiorum
518 2628 624 2687 umbris
636 2637 742 2686 tenmm
751 2637 778 2686 et
787 2631 845 2687 sine
854 2630 969 2705 pondere
977 2637 1072 2687 terram
