2250 3250
158 310 160 315 ,
273 243 305 294 ⁴0
548 249 582 296 u.
606 250 737 296 aunan

218 358 257 402 120
271 348 335 402 Heia
346 354 434 415 tamen
444 345 586 403 inuidiam:
603 349 692 414 avidi,
707 348 763 404 vidi
775 349 840 420 ipae,
853 348 957 404 libelle:

273 421 477 476 auriculaeeaini
487 423 557 478 Mida
565 423 766 479 rexhabeta—
774 425 1019 497 llecegeopertum,

241 540 250 549 .
272 497 322 551 hoe
332 496 417 551 ridere
425 513 524 562 meum,
536 505 590 551 tam
601 497 649 561 nil,
662 498 735 553 nulla
744 498 792 552 tibi
802 499 888 553 vendo

273 570 362 625 lliade.
373 600 412 612 -
419 571 520 626 Audaci
528 571 683 645 quicunque
692 571 777 627 afflata
784 572 900 637 Cratino,

274 647 369 700 iratum
379 644 538 716 Eupolidem
552 646 709 720 praegrandi
719 665 782 702 aum
791 647 955 719 aeuepalle'a‚

219 728 258 773 125
273 718 378 790 adspiee
389 727 415 773 et
424 719 496 786 haee,
508 721 531 775 ai
542 719 606 795 lette
616 721 718 794 aliquid
727 721 858 776 deeectius
868 721 954 777 audis.

274 793 338 848 lade
346 802 468 866 vaporata
479 794 558 850 laetor
566 796 632 850 mihi
642 796 739 851 ferveat
747 813 824 851 aure:

274 885 326 923 non
337 868 389 933 hic,
401 869 448 940 qui
459 870 486 925 in
495 869 615 942 crepidas
624 871 764 925 Graiorum
775 869 865 925 ludere
873 871 953 944 gestit

274 942 407 1008 sordidus,
419 943 783 1016 atluaeequipeaaitdieera:
804 944 891 1000 luaeel

275 1035 333 1072 sese
342 1017 458 1090 aliquem
468 1019 586 1082 eradens,
596 1019 661 1073 Italo
670 1020 742 1092 quod
752 1020 851 1075 honora
859 1018 975 1091 supinus

220 1102 260 1146 13⁰
274 1091 380 1165 fregerit
388 1092 509 1147 heminae
518 1094 590 1148 Arati
599 1093 691 1149 aedilis
701 1094 822 1167 iniquae:

276 1183 324 1221 nec
332 1167 379 1238 qui
390 1164 469 1221 ahaoo
479 1184 603 1229 numerea
612 1177 637 1223 et
647 1176 717 1223 sacto
725 1170 753 1239 iu
766 1167 875 1241 pulvere
886 1175 970 1223 metae

274 1242 324 1295 scit
333 1241 423 1295 risiaae
432 1240 512 1306 valer,
524 1242 640 1298 multum
650 1243 765 1317 gaudere
774 1251 889 1314 paratus,

275 1316 297 1369 ai
309 1315 408 1389 Cynico
418 1315 527 1372 barbam
539 1317 660 1388 petulans
671 1318 779 1372 nonaria
788 1316 878 1372 vellat.

276 1391 322 1445 llis
333 1407 410 1445 mane
419 1390 543 1459 edictum,
554 1400 614 1465 post
622 1390 733 1465 prandia
742 1391 890 1446 Callirhoen
900 1391 944 1447 do.

357 1641 595 1702 SATIRA
645 1642 949 1702 SECUNDA.

415 1772 653 1827 auaueuiuu
671 1783 878 1828 uacuiuuu.

274 1907 347 1946 ΑΒΘ.
356 1907 388 1944 De
396 1904 466 1955 previa
476 1899 553 1944 naalon
563 1879 615 1945 voela
623 1918 647 1943 ιο
656 1906 877 1957 ιιῳετήίιίοιισ,ἀηιιε
884 1919 932 1946 vere
941 1907 1026 1945 aearum

616 1971 679 2010 cultu.

315 2045 409 2117 Hunc,
420 2053 544 2118 Macrine,
557 2052 628 2108 diem
640 2070 750 2109 numera
761 2051 868 2109 meliore
877 2053 974 2124 lapillo,

279 2129 326 2201 qui
335 2129 384 2182 tibi
394 2127 509 2182 labantes
518 2129 627 2200 apponit
635 2127 764 2183 candidus
773 2145 864 2183 annus.

279 2203 372 2260 Funde
384 2220 487 2257 marum
497 2201 588 2257 Gauio.
617 2204 677 2257 Nou
689 2210 718 2256 tu
728 2219 804 2273 praee
813 2202 898 2273 poscis
906 2203 1000 2267 emaci,

187 2296 191 2304 ’
279 2294 348 2349 quae
357 2275 409 2330 nisi
419 2275 534 2331 seductis
543 2294 659 2348 nequeas
670 2276 831 2331 committere
839 2275 919 2331 divis.

225 2367 238 2409 5
279 2352 461 2421 Albonapara
470 2367 608 2423 praeatum
618 2349 796 2412 taalulibebit
805 2366 900 2405 auerte.

281 2427 357 2482 Haud
370 2426 455 2482 cuivis
473 2429 625 2497 promptum
639 2433 691 2491 est,
708 2440 884 2497 murmurque
898 2424 1029 2482 humiles—

183 2546 187 2552 .
683 2515 868 2570 quesuaurrea

283 2575 371 2631 tollere
380 2574 413 2629 de
423 2572 539 2645 templis,
551 2579 577 2626 et
587 2580 675 2643 apeiue
683 2573 772 2627 vivere
781 2582 849 2628 vele

281 2649 444 2713 Marathona,
462 2654 548 2718 sama,
573 2648 651 2717 fidae!
668 2648 732 2701 haec
745 2645 829 2713 elate,
849 2653 875 2701 et
889 2653 918 2701 ut
938 2646 1030 2703 audiat

685 2720 793 2791 hospes·
