2250 3250
375 212 529 264 san-,IRA
537 212 580 260 v1
816 206 849 259 73
885 246 889 252 .

93 312 208 368 nullum
218 311 317 366 crimen
328 311 401 367 abest
411 312 567 383 facinusque
575 308 704 377 libidinis
716 330 750 366 ex
759 328 813 384 quo

92 394 242 459 paupertas
252 387 368 442 Romana
377 393 464 471 perlt
484 387 550 441 Hine
563 385 640 440 fluxit
652 385 702 439 ad'
695 394 757 441 istos
865 397 903 441 295

93 470 121 516 et
130 460 248 534 Sybaris
256 460 344 526 eolles
357 458 454 519 brucot
462 461 569 516 Rhodos
578 468 603 515 et
611 459 712 515 Miletos

94 547 183 608 atque
191 543 343 591 coronatum
355 527 476 608 petulans
485 536 678 606 madidumque
687 535 837 623 Tarentum

94 611 190 664 Prima
200 612 353 696 peregrinos
361 611 487 669 obseoena
497 611 607 682 pecunia
618 627 703 666 utores

96 683 202 750 intulit,
215 692 242 738 et
253 686 324 756 turpi
334 684 468 758 fregerunt
476 685 580 740 saecula
590 685 657 740 luxu

95 759 213 815 dlvrtrao
223 759 325 814 molles
347 756 425 827 Quid
435 777 505 814 anim
516 760 606 815 Venus
615 759 686 813 ebria
698 757 790 813 ourat‘l
865 768 904 810 too

96 834 232 907 Inguinis
230 840 260 888 et
268 830 361 905 eapitis
370 851 439 905 quae
449 833 502 888 sint
511 833 674 897 discrimina
686 833 777 896 nescit

55 932 64 949 ·
96 907 216 981 grandia
226 925 293 979 quae
303 908 415 963 mediis
408 925 460 963 ram
472 909 593 963 noctibus
602 915 685 962 ostrea
695 907 805 971 mordet,

97 1000 191 1054 quum
201 982 306 1054 perlusa
316 1000 388 1039 mero
397 991 523 1055 spumant
535 990 669 1056 unguenta
680 981 799 1041 Falerno.
864 1044 866 1047 ¹

97 1075 192 1128 quum
201 1057 301 1112 bibitur
312 1059 419 1122 ooncha,
429 1076 515 1130 quum
528 1058 582 1113 iam
592 1058 719 1130 vertigine
729 1064 825 1111 tectum

99 1130 234 1196 ambulat,
246 1139 272 1187 et
280 1133 395 1205 geminis
403 1133 522 1205 exsurgit
531 1150 622 1187 mensa
632 1132 757 1187 lucernis.
865 1141 905 1183 too

98 1207 111 1260 l
122 1213 234 1262 nuncet
244 1207 345 1269 dubita
358 1224 411 1279 qua
423 1208 525 1262 sorbeat
535 1224 593 1261 aera
603 1223 685 1261 sanna

100 1282 208 1346 Maura,
222 1281 365 1337 Pudicitiae
374 1289 484 1337 veterem
496 1299 581 1353 quum
592 1280 711 1352 praeterit
721 1296 813 1348 aram3

101 1355 195 1411 Tullia
205 1356 271 1427 quid
283 1356 351 1411 dieat
363 1364 438 1411 notae
450 1356 570 1410 collactea
581 1357 695 1410 Maurae.

100 1430 233 1485 Noctibus
243 1430 287 1485 bro
295 1439 397 1501 ponunt
406 1430 518 1496 lecticas
532 1429 687 1484 micturiunt
696 1428 739 1482 luo

67 1558 72 1567 ,
102 1504 276 1578 elligrernque
287 1506 445 1579 Deaelongrs
453 1505 612 1577 siphonibus
623 1502 742 1576 implent
867 1517 910 1563 tto

102 1579 269 1653 inquovioes
278 1579 580 1653 equitantooluuateste
590 1587 740 1639 movantur.

103 1655 173 1709 lnde
181 1654 274 1710 domos
284 1656 393 1710 abeunt:
414 1654 548 1719 tumbas,
561 1654 619 1708 luce
628 1672 740 1721 renonem

102 1729 229 1803 ooniugis
239 1731 353 1794 urinam,
366 1746 476 1803 magnos
486 1729 594 1784 visurus
606 1729 714 1784 amieos.

103 1804 174 1859 Nota
184 1806 269 1860 Bonae
280 1812 376 1859 secreta
387 1805 461 1870 Deae,
474 1821 559 1876 quum
570 1804 633 1859 tibia
644 1803 749 1860 lumbos

104 1878 208 1941 incitat.
220 1886 245 1933 et
254 1896 336 1935 cornu
346 1880 441 1950 pariter
450 1878 566 1950 vinoque
576 1877 695 1934 feruntur
868 1891 909 1935 315

105 1954 230 2008 attonitae
229 1955 401 2025 crinemque
411 1961 495 2009 rotant
502 1952 660 2023 ululantque
669 1954 757 2024 Priapi

104 2028 257 2083 Maenades.
286 2025 436 2099 Oquantus
445 2035 509 2083 tune
518 2026 572 2082 illis
585 2027 717 2081 mentibus
728 2028 805 2082 ardor

105 2102 278 2157 concubitus!
299 2119 368 2174 quae
379 2120 430 2158 vox
440 2103 549 2157 saltante
559 2099 681 2156 lrbulme¹
703 2111 819 2173 quantus

106 2177 155 2231 ille
165 2194 231 2231 men
240 2177 335 2232 veteris
343 2194 476 2249 peroruro
485 2177 616 2231 madentia
625 2179 738 2232 torrensl

105 2252 248 2306 Lenonum
259 2250 367 2306 ancillas
377 2251 461 2323 posita
470 2249 587 2307 Lauiella
596 2268 689 2306 aorona

107 2334 243 2397 provocat,
256 2331 281 2380 et
291 2325 358 2380 tollit
367 2326 504 2397 pendentis
514 2326 629 2397 praemia
639 2342 726 2381 ooxee.

107 2399 170 2473 lpse
179 2400 339 2456 Medullinae
347 2400 452 2455 frictum
463 2400 599 2456 crissantis
608 2400 711 2455 adorat:

82 2522 90 2534 .
107 2474 227 2547 palmam
239 2475 307 2529 inter
318 2475 439 2530 dominas
451 2475 536 2532 virtus
547 2474 679 2531 natalibus
689 2481 791 2546 aequat.

108 2549 154 2605 Nil
166 2550 202 2604 ibi
216 2565 262 2622 per
273 2550 367 2605 ludum
377 2549 559 2605 simulabitur:
581 2550 669 2604 omnia
680 2550 743 2604 fient

800 2297 822 2332 s
870 2262 909 2306 320

109 2624 259 2690 adrerum,
271 2625 371 2696 quibus
383 2624 485 2680 incendi
497 2625 551 2680 iarn
560 2623 674 2697 frigidus
683 2640 748 2678 aevo
872 2630 912 2673 325

108 2698 344 2756 Laomedontiades
353 2707 378 2753 et
387 2698 503 2754 Nestoris
514 2698 605 2753 hernia
614 2697 708 2769 possit.
