2250 3250
391 158 535 208 SATIRA
552 159 597 208 xl.
815 155 865 209 ΗΘ

113 275 145 315 aa
153 258 236 315 rebus
247 261 341 315 mersis
352 242 378 315 in
390 270 517 319 ventrem.
533 233 718 332 hauriretque
759 272 764 282 ’
892 269 919 317 tu

19 388 24 393 .
114 337 318 408 argenti-gravis
327 345 352 391 et
362 353 485 407 pecorum
496 353 675 410 agrorumque
682 335 824 407 repedem?

20 450 27 461 .
115 411 228 464 Talibus
238 428 252 464 a
263 411 379 465 dominis
389 420 447 482 post
457 420 549 465 cuneta
561 411 725 466 novissimus
734 412 789 466 exit

115 485 244 548 annulus,
256 494 282 539 et
291 486 374 559 digito
384 486 514 540 mendicat
524 486 606 540 Pollio
618 485 702 541 nudo:

114 558 174 612 Nan
187 562 344 629 praematuri
355 561 464 623 cinerea,
480 579 527 615 ner
540 561 620 615 funus
630 561 753 617 acerbum

115 633 248 697 luxuriae,
261 635 306 688 sed
318 646 399 689 morte
411 637 495 708 magis
507 637 645 705 metuenda
656 645 785 690 senectus.

115 708 146 761 Hi
160 707 317 780 pierumqoe
326 710 440 782 gradus:
460 710 587 765 conducta
599 712 708 781 peeunia
719 704 830 764 homae
879 777 883 783 ι

114 790 139 834 et
148 799 236 836 coram
247 783 363 837 dominis
372 785 550 839 consumitur:
573 784 687 839 indaubi
700 788 820 855 paulum,

116 857 206 910 neseio
215 858 291 928 quid,
304 860 431 929 superest,
444 868 469 915 et
479 859 557 930 pailet
568 858 664 912 tenoris
673 868 771 923 auctor,

115 931 162 1002 qui
175 942 271 996 vertare
280 932 377 988 solum.
389 934 464 988 Baias
473 935 539 988 etad
551 942 635 987 ostrea
644 941 763 1003 currunt.

115 1006 214 1060 Cedere
225 998 338 1079 nbmque
351 1007 407 1062 foro
416 1009 466 1062 iam
480 1015 581 1062 nonest
591 1008 715 1074 deterius,
730 1024 813 1083 quam

115 1081 278 1152 Exquiiiasa
290 1081 397 1137 ferventi
410 1084 522 1155 migrare.
532 1083 647 1137 Subura.

115 1155 163 1209 tite
173 1156 248 1210 dolor
256 1157 330 1210 solus
341 1157 451 1228 patriam
462 1157 635 1230 fugientibus.
649 1155 693 1211 illa
741 1216 743 1223 ,

116 1231 245 1284 moestitia
255 1241 303 1295 eat,
314 1234 509 1287 caruisseanno
518 1232 686 1287 Circensibus
699 1234 762 1286 unb.

114 1305 261 1378 Sanguinis
271 1305 372 1360 insacia
386 1324 437 1361 nnn
449 1308 535 1361 haeret
544 1316 634 1380 gutta:
657 1313 791 1361 morantur
828 1351 830 1355 ,

91 1397 95 1405 ·
115 1381 194 1450 parri-i
207 1381 347 1434 ridiculum
358 1390 383 1436 et
394 1380 536 1454 fugientem
546 1396 580 1435 ex
592 1381 659 1435 Urbe
671 1380 815 1451 pudorem.v

154 1456 295 1525 Experiere
306 1455 391 1518 hodie,
405 1456 537 1527 numquid
548 1454 704 1527 pulcerrima
715 1454 796 1519 dictu,

116 1530 227 1585 Persice.
242 1546 292 1584 uon
307 1541 433 1600 praestem
445 1532 507 1589 vita.
521 1530 560 1584 vei
574 1531 700 1593 moribus,
712 1538 738 1584 et
748 1547 789 1599 re3
824 1554 829 1561 ⁶

115 1604 162 1659 sed
174 1604 276 1658 taudem
288 1604 401 1676 siliquas
411 1605 528 1659 mentiris
538 1622 635 1676 ganeo:
659 1605 744 1677 pultes
835 1674 837 1679 .

114 1696 202 1733 eoram
214 1679 273 1732 aliis
283 1680 376 1733 dictem
388 1697 477 1751 puero,
488 1680 534 1735 sed
546 1682 645 1734 inaure
660 1678 820 1749 piarentasj'
899 1726 907 1737 ,

115 1755 184 1808 Nam
198 1771 283 1825 eruum
295 1755 332 1808 'sis
344 1756 454 1809 ronviva
467 1755 532 1809 mihi
544 1755 702 1826 promissus,
717 1747 836 1808 habebisv

114 1829 281 1886 Evandrum.
297 1834 386 1884 uenies
396 1831 562 1904 Tirynthius,
573 1839 619 1886 aut
629 1831 714 1885 minor
727 1828 771 1884 tuo

115 1904 222 1975 ho'apes,
237 1911 262 1958 et
273 1906 327 1975 ipse
339 1913 425 1960 tamen
436 1906 592 1978 contingens
601 1902 855 1977 sanguiuecoelum:

115 1977 181 2033 alter
193 1996 280 2050 aquis,
293 1979 357 2033 aiter
367 1979 480 2034 dammis
490 1979 523 2033 ad
532 1978 616 2032 sidera
628 1980 736 2032 missus.

115 2052 226 2108 Fercula
237 2070 307 2107 nunc
317 2054 378 2108 audi
390 2054 471 2110 nubis
481 2063 570 2124 ornata
583 2050 706 2112 macellis.

115 2130 153 2183 De
166 2128 305 2183 Tiburtino
317 2130 403 2184 veniet
413 2130 607 2204 pinguissimus
617 2144 680 2201 agro

115 2203 247 2270 haedulus
257 2213 282 2258 et
291 2212 343 2258 toto
350 2222 431 2278 grege
441 2203 553 2267 mollior,
566 2204 666 2258 inseiua
675 2200 779 2267 herbae,

116 2277 229 2333 nardum
241 2296 322 2332 ausus
333 2280 420 2352 virgas
432 2279 541 2333 humilis
551 2278 669 2334 mordere
678 2277 772 2343 salicti,

116 2354 163 2423 qui
175 2352 236 2424 pius
247 2353 319 2407 laetis
330 2353 416 2417 habet,
428 2370 509 2426 quam
519 2351 673 2426 sanguinis;
695 2361 720 2410 et
730 2356 849 2412 montani

116 2426 247 2499 asparagi.
261 2427 419 2499 positaquos
430 2428 493 2501 legit
503 2428 589 2484 villica
601 2426 670 2488 fuso.

117 2500 232 2556 Grandia
244 2511 372 2572 praeterea
383 2511 501 2575 unoque
511 2503 620 2562 calentia
634 2503 710 2562 foeno
794 2515 800 2522 ”

116 2592 165 2630 ova
176 2576 282 2640 adsunt,
296 2577 361 2648 ipsis
370 2595 431 2632 cum
443 2579 581 2643 matribus,
592 2589 618 2636 et
627 2589 743 2637 servatae

107 2660 190 2728 parte
200 2652 274 2713 anni,
285 2650 378 2723 quales
388 2652 491 2709 fuerant
502 2653 531 2710 in
541 2653 650 2721 vitibus,
663 2670 743 2714 uvae:
