2250 3250
253 226 262 242 ,
352 183 496 231 sauma
516 185 587 232 rav.
757 164 761 169 ’
793 178 849 237 437,

72 283 231 357 plagarum
244 281 364 352 strepitu,
377 291 403 337 et
411 283 514 339 nullam
527 284 619 341 Sirena
629 283 739 357 flagellis

72 363 235 429 comparat,
251 352 406 428 Antiphates
424 359 519 429 trepidi
537 357 600 413 iaris
611 375 641 413 ac
651 359 840 434 Polyphemus,
871 371 897 415 to

73 442 150 489 tum
163 431 236 497 felix,
248 433 351 504 quoties
361 432 459 505 aliquis
469 440 565 489 tortore
574 441 666 490 vocato

75 509 180 564 uritur
189 506 291 562 ardenti
300 507 354 562 duo
362 516 469 580 propter
477 507 558 565 lintea
568 508 655 565 ierroi

75 582 163 651 Quid
172 580 265 639 suadet
275 582 366 638 iuveni
377 581 460 638 iaetus
470 583 582 640 stridore
591 592 704 649 catenae,

75 675 173 733 quem
183 657 251 713 miro
262 656 382 724 aiiioiuut
392 659 518 731 inscripta
527 659 668 734 ergastula,
681 675 769 714 career

78 730 227 790 rusticus?
244 733 396 805 lixspeotes,¹
408 742 438 789 ut
450 750 503 790 nou
512 737 547 789 sit
556 735 673 790 adultera
683 735 783 810 Largae
870 744 897 789 25
987 732 991 733 ⁷

81 809 157 876 fitia,
169 825 239 881 quae
248 818 398 881 numquam
409 818 540 869 maternos
550 810 637 865 dicere
646 811 768 865 moechos

51 903 63 909 ·
78 894 143 940 tam
154 884 207 938 cito
216 900 265 938 nee
272 890 345 938 tanto
354 885 448 955 poterit
457 890 594 940 oontex'ero
603 902 693 950 eursu,
797 931 802 936 .

80 968 117 1016 ut
128 976 184 1015 non
194 957 329 1014 terdecies
340 959 469 1031 respiret?
487 959 598 1016 Conscia
608 960 687 1014 matri
760 1012 761 1019 ,

81 1035 168 1110 virgo
176 1033 242 1089 fuit:
262 1033 720 1108 eerasnunohaodietantepusiiias

81 1110 193 1183 impiet,
205 1117 232 1164 et
240 1108 275 1164 ad
284 1110 407 1165 moechos
417 1109 462 1165 dat
470 1110 570 1166 eisdem
581 1109 648 1166 ferre
656 1109 780 1166 cinaedis.
870 1121 897 1165 to

83 1185 134 1241 Sio
143 1193 239 1240 natura
249 1185 337 1240 iubet:
359 1183 510 1243 veioeiuset
522 1185 601 1239 eitius
611 1202 660 1240 nos
798 1226 801 1229 -

81 1267 267 1331 corrumpunt
275 1259 401 1315 vitiorum
411 1258 532 1332 exempla
541 1259 691 1325 domestica,
706 1261 811 1333 magnis

82 1353 177 1408 quum
187 1335 305 1390 subeunt
314 1334 417 1390 animos
426 1335 588 1391 auctoribus.
619 1334 693 1390 Unus
704 1342 730 1389 et
742 1335 806 1390 aiter

82 1411 200 1467 forsitan
209 1410 274 1465 haec
283 1417 409 1482 spernant
419 1410 538 1476 iuvenes,
551 1409 652 1482 quibus
664 1416 719 1464 arto
726 1409 841 1484 benigna
910 1447 918 1467 ι

82 1494 114 1542 et
123 1485 235 1541 meliore
244 1484 300 1540 luto
309 1484 387 1540 finxit
396 1484 546 1557 praaoordia
559 1486 650 1540 Titan:
871 1495 896 1538 to
966 1537 967 1540 ,

65 1574 67 1577 ·
84 1562 137 1617 sed
147 1560 265 1633 reliquos
274 1559 400 1635 fugienda
411 1568 516 1633 patrum
526 1560 638 1635 vestigia
648 1559 758 1628 ducunt,

83 1646 113 1693 et
126 1644 272 1694 monstrata
282 1636 331 1691 diu
340 1638 435 1692 veteris
448 1637 528 1691 trahit
537 1637 621 1691 orbita
631 1635 733 1708 eulpae.

84 1713 232 1769 Abstineas
242 1711 324 1786 igitur
332 1710 506 1766 damnandis:
527 1710 610 1766 huius
620 1712 691 1765 enim
702 1710 743 1766 vel

88 1807 146 1844 una
156 1796 249 1860 potens
260 1787 326 1844 ratio
335 1794 383 1854 est,
395 1804 428 1842 ne
437 1784 550 1842 erimina
559 1792 648 1841 nostra
658 1792 804 1859 sequantur

72 1862 318 1937 'exnobisgeniti3
339 1862 466 1935 quoniam
476 1861 572 1919 dooiies
581 1861 718 1918 imitandis
870 1869 896 1916 to

86 1938 216 2010 turpibus
226 1955 256 1992 ao
266 1937 355 2009 pravis
365 1954 457 1993 omnes
467 1954 578 2006 sumus;
600 1945 625 1992 et
634 1937 774 1993 Catilinam

87 2030 264 2086 quocumque
275 2012 303 2068 in
313 2013 412 2085 populo
425 2012 524 2077 videas,
536 2028 706 2085 quocumque
718 2011 770 2065 sub
781 2030 843 2068 axe:

87 2089 139 2144 sed
148 2105 197 2143 neo
205 2089 303 2143 Brutus
313 2089 370 2154 erit,
381 2088 454 2142 Bruti
465 2105 513 2143 neo
525 2086 675 2143 avunculus
685 2102 812 2159 usquam.

87 2163 135 2218 Nil
145 2162 218 2218 diotu
228 2161 334 2218 foedum
345 2164 460 2235 visuque
468 2163 533 2218 haee
543 2162 635 2216 limina
646 2169 743 2236 tangat,

79 2240 162 2307 jntra
172 2255 240 2310 quae
249 2255 314 2309 puer
324 2246 370 2293 est.
390 2238 484 2294 Procul
494 2236 663 2308 hino,prooui
673 2237 842 2310 indepuoiiae
870 2244 896 2291 ta

91 2313 229 2375 lenonum,
241 2320 265 2367 et
275 2321 367 2369 cantus
375 2312 552 2385 pernoctantis
561 2311 680 2383 parasiti.

92 2385 211 2442 Maxima
221 2386 328 2443 debetur
336 2407 419 2462 puero
429 2386 582 2444 reverentia.
611 2385 716 2461 Siquid

91 2472 170 2533 turpe
178 2478 265 2534 paras,
279 2481 311 2519 na
322 2471 352 2519 tu
364 2464 440 2536 pueri
452 2462 622 2519 oontemseris
632 2479 731 2519 annos:

92 2537 140 2592 sed
150 2545 287 2609 peccaturo
295 2540 406 2595 obsistat
415 2539 463 2593 tibi
476 2537 549 2593 fliius
559 2536 656 2594 inians.

92 2614 161 2668 Nam
172 2613 196 2667 si
205 2614 273 2686 quid
282 2613 396 2688 dignum
406 2613 529 2670 Censoris
539 2612 627 2668 iecerit
636 2614 675 2668 ira
870 2621 896 2664 to

92 2687 263 2762 quandoque,
275 2695 301 2743 et
310 2689 425 2745 similem
438 2689 488 2745 tibi
497 2706 526 2744 so
535 2705 588 2745 uon
597 2704 705 2761 corpore
713 2692 817 2742 tantum
