2250 3250
270 164 317 217 tio
536 126 741 214 ldvuuaots

267 267 403 331 sustinuit,
416 266 594 338 nilumquam
603 267 653 322 hae
661 284 738 321 earne
747 265 872 321 libentius
882 264 954 324 edit.

268 346 336 398 Nam
346 343 442 397 eoelere
454 340 481 396 in
492 349 563 397 tanto
575 358 609 396 ne
618 359 730 412 quaeras
738 348 765 396 et
776 341 891 405 dubites,
904 360 945 397 an

214 429 240 493 ρο
267 417 353 489 prime
363 415 522 488 voluptatem
531 415 596 490 gula
605 416 726 471 senserit.
755 415 989 486 Ultimneautem,

269 492 316 564 qui
329 492 399 549 stetit
407 492 530 547 absumto
538 491 592 545 iam
601 497 654 544 toto
662 506 778 562 serpere,
789 489 876 545 duotb

269 583 315 638 per
325 574 420 620 terram
429 565 457 625 di
479 565 530 630 trs,
542 564 644 636 aliquid
653 565 688 619 de
695 564 826 638 sauguine
834 572 935 637 gustat.

269 642 407 704 Vascones,
420 647 451 694 ut
486 657 537 702 rna,
547 638 679 694 alimentis
688 638 786 693 talibus
794 637 869 694 olim⁴

268 715 416 786 produxere
426 713 542 768 animas:
562 714 612 769 sed
623 731 664 768 res
673 713 785 776 diversa,
797 712 845 767 sed
855 712 910 768 illio

214 801 240 843 ⁹5
269 788 387 844 fortunae
398 787 497 842 invidia
506 795 553 851 est,
567 787 862 859 bellorumqueuitima,
873 804 955 842 castus

269 863 389 927 extremi,
402 862 495 935 longae
503 861 561 917 dira
568 861 716 917 obsidionis
726 869 839 934 egestas.

268 938 355 992 Huius
364 938 445 1000 enim,
457 936 530 1008 quod
539 953 612 992 nuno
620 936 717 1009 agitur,
729 934 879 989 miserabile
888 935 971 991 debet

268 1010 560 1083 exemptumesseeinu
581 1010 814 1064 sicutmododiota
823 1009 970 1083 mihigens

269 1084 541 1157 postomnesberbes,
556 1091 617 1156 poet
629 1092 722 1139 cunoen
732 1082 865 1149 animalia,
881 1085 1023 1157 quidquid

216 1172 254 1215 too
268 1160 376 1234 cogebat
385 1159 459 1215 vocui
472 1159 572 1214 ventris
580 1157 662 1224 biron,
676 1159 797 1214 hostibus
807 1158 874 1230 ipsis

269 1234 689 1306 palloremaomaciemettenuae
698 1234 980 1300 miserantibusartus,
1109 1274 1110 1309 ,

269 1309 389 1366 membra
401 1308 486 1364 aliena
495 1307 564 1365 fame
573 1307 729 1374 lacerabant,
741 1326 798 1363 ease
807 1309 891 1379 parati
1109 1324 1110 1373 t

268 1391 294 1438 et
309 1401 369 1438 sna.
405 1382 536 1450 Quisnam
552 1384 693 1439 honiinum
705 1384 810 1439 veniam
829 1382 904 1447 dare,
921 1384 1020 1455 quisve

672 1458 781 1515 durum

270 1532 373 1587 viribus
384 1531 505 1587 abnuerit
515 1531 573 1585 dira
582 1538 661 1603 atque
669 1532 795 1591 immania
808 1531 904 1603 pessis,

215 1619 254 1663 tot
268 1614 293 1663 et
301 1606 401 1680 quibes
415 1604 649 1678 illorompeterant
659 1606 792 1682 ignoscere
802 1622 903 1670 manes,
1007 1661 1012 1666 ,
1109 1618 1110 1676 t

268 1682 547 1754 quoruruoorporibus
557 1681 747 1737 vescebantur?
760 1679 860 1738 'Mettus
869 1698 920 1736 nos
1109 1727 1110 1766 ,

268 1757 380 1811 Zenonis
393 1763 527 1827 praesepta
541 1762 662 1811 monent:
683 1773 732 1812 neo
739 1757 812 1812 enim
821 1757 921 1821 omnia,
934 1771 1020 1827 quae-
1109 1821 1110 1860 1

672 1830 734 1885 dam
886 1857 900 1863 ·
1109 1871 1110 1874 ,

267 1899 599 1973 proriteiaciendaputat.
628 1901 899 1962 SedCantaberunde

268 1975 379 2039 Stoicus,
392 1975 495 2047 antiqui
505 1977 657 2047 praesertim
667 1986 749 2033 aetate
757 1976 872 2034 uaolttt
1109 2035 1110 2048 ,

214 2061 254 2104 tro
268 2052 347 2105 Nunc
355 2058 424 2105 totus
434 2050 526 2106 Graias
536 2059 692 2123 nostrasque
701 2053 859 2108 habetorbis
869 2049 997 2106 Athenas.
1109 2069 1110 2120 t

188 2173 196 2179 .
269 2123 728 2182 Galliaeausidioosdoeuitiaeunds
737 2126 888 2182 Britannos:
1109 2131 1110 2154 ¹

268 2200 302 2255 de
311 2199 479 2257 oondueendo
487 2199 605 2271 loquitur
616 2201 669 2255 iarn
679 2200 782 2256 rhetore
791 2200 886 2255 Thule.

254 2272 371 2328 fNobilis
381 2273 426 2328 iile
435 2281 522 2329 nmen
532 2274 657 2346 populus,
668 2292 748 2347 quem
758 2274 891 2341 diximns3
913 2282 939 2329 et
950 2290 1000 2344 par

268 2348 366 2403 virtute
374 2355 453 2419 atque
464 2348 525 2413 fide,
537 2349 678 2404 sedmaior
688 2349 761 2405 clade
771 2348 907 2423 Saguntos
1109 2371 1110 2424 j

215 2433 254 2477 tte
268 2421 319 2478 tale
328 2422 521 2494 quidexeusat.
551 2424 678 2479 Maeotide
690 2424 791 2479 saevior
800 2441 846 2479 ara

258 2497 414 2570 Aegyptus.
443 2495 547 2567 Quippe
557 2496 602 2551 iila
616 2497 720 2552 nefandi
731 2498 840 2553 Taurino
849 2496 917 2552 sauri
1109 2557 1110 2560 Ἴ

269 2572 412 2635 inventrix,
428 2571 550 2626 homines
563 2578 603 2644 rut
615 2572 679 2638 iarn,
691 2590 759 2645 quae
772 2572 889 2629 earmina
898 2569 1017 2639 tradunt,
1109 2585 1110 2594 ¹

269 2646 350 2728 digna
361 2647 412 2704 fide
420 2645 519 2722 credas)
527 2653 631 2715 tautum
641 2647 768 2715 immolat,
783 2648 896 2703 ulterius
903 2646 943 2704 m'i
