2250 3250
365 142 605 269 snrrnnxtu.
695 218 697 223 ·
811 180 857 238 tta

74 302 139 341 me
153 283 289 355 pavidum
299 285 410 357 excipiet
419 287 530 341 tironem
543 295 617 358 porta
627 280 743 343 secundo

78 361 202 415 sidere.
231 358 296 413 Plus
307 361 402 414 etenim
414 360 460 415 sati
472 360 541 416 velet
550 362 614 415 ltere
627 362 747 435 benigni,

79 451 191 508 quam
200 433 222 487 sl
234 449 283 488 uos
294 435 403 489 Veneris
412 435 578 490 commendet
587 436 696 507 epistola
708 438 784 493 Marti
901 451 913 493 5

81 520 117 564 et
130 508 231 581 Samia
244 507 360 581 genitrix
369 527 438 583 qliae
447 509 589 564 delectatur
598 528 687 565 arena.

138 582 291 639 Commoda
302 590 442 638 tractemus
452 585 569 656 primum
575 586 735 651 communia,
743 603 858 657 quorum

86 658 181 712 lruud
192 657 336 712 minimum
345 658 480 722 illuderit,
493 667 563 714 nete
575 659 680 729 pulsare
690 668 793 733 togatus
869 716 876 733 x

89 734 216 794 audeam
238 734 321 786 immo
333 740 367 797 et,
380 735 402 786 si
414 732 543 804 pulsetur,
555 734 714 798 dissimulet,
728 752 775 789 nee

90 807 203 863 audeat
212 822 337 861 exeussus
349 809 462 862 Praetori
472 808 609 863 ostendere
618 808 710 863 dentes
887 820 913 863 tu

92 893 127 937 et
141 884 248 954 nigram
259 882 288 936 in
298 880 363 936 iacie
372 883 483 936 tumidis
494 878 624 937 liveribus
633 881 712 937 offam

95 971 188 1028 atque
197 955 295 1019 oculos,
309 956 410 1010 medico
420 957 457 1011 nil
468 957 643 1028 promittente,
657 957 769 1011 relictus.

95 1030 249 1086 Bardiacus
259 1029 340 1086 iudex
349 1031 428 1086 datur
437 1031 501 1086 haec
510 1032 606 1103 punire
617 1032 712 1087 volenti

97 1106 221 1169 calceus,
233 1112 259 1158 et
268 1105 382 1177 grandes
393 1123 489 1180 magna
502 1107 536 1160 ad
548 1106 674 1161 subsellia
685 1123 772 1172 surae,

102 1180 214 1252 legibus
224 1181 341 1250 antiquis
350 1187 496 1235 castrorum
506 1189 531 1234 et
541 1198 614 1235 more
627 1180 732 1236 Camilli
887 1192 913 1234 te
935 1226 938 1235 r

101 1262 220 1318 servate,
235 1254 311 1308 miles
322 1271 355 1308 ne
366 1254 465 1328 vallum
479 1255 562 1328 litiget
571 1261 644 1309 extre

101 1342 130 1385 et
140 1327 233 1400 procul
245 1329 366 1401 asignis.
396 1329 544 1384 Iustissima
553 1330 738 1383 centurionum

100 1404 223 1477 cognitio
230 1411 270 1457 est
284 1404 364 1476 igitur
373 1403 406 1458 de
415 1403 512 1471 milite;
535 1419 583 1458 nec
592 1403 659 1457 mihi
667 1402 751 1465 deerit

104 1479 183 1542 ultio,
196 1478 218 1531 si
229 1478 313 1532 iustae
321 1477 436 1533 delectur
447 1495 526 1532 causa
536 1477 668 1548 querelae.

103 1554 172 1607 Tota
181 1553 274 1607 cohors
285 1560 371 1608 tumen
381 1563 421 1607 est
431 1553 546 1617 inimica,
559 1548 706 1625 amnesque
715 1549 827 1624 manipli
886 1562 912 1606 tt

105 1645 240 1682 censensu
253 1645 351 1700 magno
360 1628 492 1695 cfficiunt3
514 1627 640 1682 curabilis
651 1636 679 1683 ut
689 1628 724 1682 sit

107 1702 234 1767 vindicta,
246 1710 271 1756 et
278 1703 393 1775 gravior,
406 1702 600 1773 quaminiuria.
620 1703 858 1775 Dignumeritergo

107 1776 290 1832 declamatoris
303 1777 461 1832 Mutinensis
470 1777 547 1832 eorde
556 1775 668 1850 Vagelll,

108 1869 195 1923 quum
205 1850 258 1907 duo
267 1869 343 1907 crura
354 1853 460 1918 habeas,
475 1851 607 1909 offendere
617 1860 653 1907 tot
662 1850 769 1939 caligas,
780 1857 819 1905 tot

111 1925 196 1979 millia
204 1925 349 1982 clavorum.
379 1928 446 1993 Quis
456 1935 509 1981 tam
519 1927 611 1998 procul
622 1927 691 1981 absit
701 1942 734 1980 un
745 1923 832 1980 Urbe?
887 1934 913 1977 25

111 2007 240 2071 praeterea
253 2001 314 2071 quis
324 2009 377 2056 tam
391 2000 512 2074 Pylades,
523 2000 621 2055 molem
634 2000 738 2073 aggeris
749 1999 817 2053 ultra
839 2025 849 2052 i

112 2083 140 2127 ut
151 2073 256 2129 veniat?
275 2077 417 2130 Lacrumae
429 2075 561 2129 siccentur
570 2081 705 2146 protenus,
717 2083 782 2130 etse

8 2192 9 2195 ,
110 2155 281 2202 excusaturos
292 2167 344 2204 nou
354 2148 527 2204 sollicitamus
536 2149 645 2205 amiens.

113 2225 148 2276 Da
158 2229 265 2288 testem3
286 2223 367 2290 iudex
375 2241 461 2296 quum
474 2224 580 2289 dixerit,
592 2224 686 2279 audeat
697 2220 742 2276 ille

113 2296 283 2367 nescioquis.
299 2314 403 2369 pugnus
412 2299 460 2370 qui
472 2299 549 2363 vidit,
561 2298 656 2363 dicere,
669 2297 739 2361 vidi,
832 2356 841 2368 ³
887 2306 913 2348 et

113 2378 137 2423 et
146 2368 251 2425 credam
260 2370 373 2444 dignum
385 2373 466 2429 barba
475 2373 643 2447 dignumque
652 2370 755 2444 capillis

113 2444 252 2501 maiorum.
283 2446 368 2502 Citius
378 2447 474 2504 falsum
485 2449 629 2522 producere
638 2454 730 2502 testem

110 2529 198 2576 centra
208 2538 344 2596 paganum
354 2524 450 2595 pessis,
461 2541 543 2596 quam
552 2540 614 2579 nera
624 2521 774 2595 loquentem

111 2604 199 2651 contre
209 2595 342 2651 fortunam
353 2598 446 2652 armati
457 2608 600 2670 contraque
607 2598 743 2668 pudorem.

113 2671 229 2726 Praemia
243 2687 315 2726 nunc
326 2671 387 2742 alia,
398 2680 478 2745 atque
487 2673 537 2728 alia
546 2671 724 2727 emolumenta
738 2674 868 2725 notemus.
887 2676 913 2721 ³5
