2250 3250
326 253 472 309 sanna
490 253 554 301 nm„
761 249 817 305 127,

28 354 92 408 hm
105 369 227 423 sequar,
230 359 347 412 etsacm
359 353 432 425 quod
441 361 563 423 praestat
576 354 624 408 rita
632 363 744 425 peracto,

32 428 104 482 inda
116 427 242 483 domum
253 437 379 499 repetam
389 427 500 502 graciles
511 428 556 481 ubi
571 444 651 499 parva
661 446 769 485 mennas
861 450 869 457 ’

34 502 189 575 accipiunt
198 500 286 575 fragili
297 502 438 557 simulacra
449 501 557 556 nitentia
567 519 632 558 cara.

36 579 91 632 llic
103 586 236 633 nostrum
248 577 355 648 placabo
364 579 461 636 lovem.
473 577 642 649 Laribusque
648 579 777 650 paternis

38 651 224 713 th.uradabo
236 651 510 724 attlueomnasviolae
521 652 621 707 iactabo
630 652 739 711 colores.
835 666 861 708 uu
957 727 960 731 .

41 727 153 783 Cuncta
166 727 266 791 nitent:
287 728 380 801 longos
390 728 473 783 erexit
485 727 564 782 ianua
574 745 671 794 ramos,

43 810 70 857 et
81 802 231 859 matutinis
240 810 363 874 operatur
372 801 435 856 lesta
446 801 569 858 lucernis.
626 856 629 861 ⁴

84 878 144 933 Nec
156 886 279 948 suspecta
290 877 337 931 tibi
347 877 401 931 sint
414 878 486 941 haec,
501 875 623 933 Corvino.
654 854 783 943 Catullus,

46 951 191 1024 proculus
205 951 289 1019 reditu
301 961 337 1007 tut
346 951 523 1024 ponualtaria,
534 969 630 1022 parvos

49 1036 103 1083 tras
114 1026 201 1083 habet
210 1026 325 1082 heredes
354 1027 430 1082 Libet
439 1034 597 1098 exspectare
610 1044 672 1098 qun
681 1044 787 1112 acgram
835 1038 860 1081 15

48 1110 75 1156 et
84 1101 255 1157 claudentem
265 1101 356 1157 ncialos
364 1101 491 1175 gallinam
503 1101 632 1172 impendit
642 1119 727 1156 amico
854 1164 856 1170 ,

51 1185 106 1232 tam
116 1176 211 1232 sterili
224 1177 322 1232 Verum
334 1176 486 1232 haecmmia
494 1177 644 1248 estnmpan
629 1194 673 1231 ε
685 1172 835 1233 cuturnix

52 1251 129 1306 nulla
141 1269 261 1323 uuquam
274 1268 321 1322 pro
330 1259 403 1322 patre
411 1251 511 1305 cadet
524 1247 626 1305 Sentire
634 1251 781 1316 calorem

52 1327 76 1380 si
86 1326 176 1397 eoepit
186 1325 300 1398 locuples
313 1325 408 1380 Gallita
419 1335 444 1380 et
454 1325 561 1380 Paccius
571 1325 638 1389 orbi,
761 1364 765 1367 Α

54 1401 173 1474 legitime
185 1400 246 1455 lixis
259 1401 370 1455 vestitur
379 1408 429 1461 tuta
440 1399 544 1455 tabellis
563 1461 568 1467 ¹
821 1411 861 1454 1⁰0

55 1476 187 1547 porticus:
207 1475 347 1538 exsistunt,
359 1476 407 1547 qui
420 1474 577 1546 promittunt
586 1474 766 1538 hecatomben,

55 1561 189 1622 quatenus
199 1551 242 1604 hic
251 1567 305 1604 uun
315 1559 379 1606 sunt
389 1548 551 1615 uecvanales
560 1547 703 1620 elephanti,

58 1644 106 1681 uec
115 1626 189 1681 Latio
197 1633 244 1681 aut
253 1643 368 1697 usquam
378 1626 430 1681 sub
441 1633 529 1680 nostro
538 1624 623 1679 nidere
632 1622 692 1679 talis

59 1700 304 1771 beluacoucipitur;
325 1701 375 1768 sed
386 1700 460 1755 lurva
470 1707 548 1773 genta
557 1700 637 1770 petita

58 1776 197 1831 arboribus
207 1775 311 1831 Rutulis
319 1784 346 1830 et
355 1774 437 1846 Turni
447 1775 564 1846 pascitur
573 1789 645 1845 agro,
772 1784 860 1827 ’111

59 1851 178 1907 Caesaris
187 1858 345 1913 armentum,
358 1848 425 1904 nulli
438 1849 538 1903 servire
548 1855 669 1920 paratum

62 1927 174 1997 privato:
194 1925 359 1997 siquidemT
380 1925 518 1996 rioparere
526 1922 646 1980 solebant

61 1999 197 2056 Hannibali
208 2008 234 2055 et
245 2001 340 2055 nastris
351 1942 466 2055 (lucibus
479 2000 588 2072 regique
597 1998 712 2053 Moloaan

57 2077 155 2139 ,hurum
167 2075 277 2132 maiores
285 2084 311 2130 et
319 2075 397 2130 dorsu
405 2073 472 2129 lerre
479 2073 607 2134 cohortes,

63 2160 159 2222 partem
168 2147 284 2222 aliquam
296 2150 366 2214 belli,
377 2158 403 2205 et
412 2157 518 2204 aientem
529 2149 557 2203 iu
567 2145 664 2218 proelia
675 2147 779 2202 turrim
819 2158 859 2202 111

63 2224 160 2282 Nulla
154 2225 231 2299 igitur
248 2242 321 2282 mura
337 2243 385 2297 per
397 2225 523 2287 Novium,
538 2237 611 2278 mura
621 2221 806 2296 uullaparHi·

461 2307 547 2355 strum

65 2374 212 2435 Pacuvium,
221 2375 288 2447 quin
300 2374 365 2431 illud
375 2375 442 2430 ebur
450 2374 562 2430 dueatur
572 2372 605 2427 ad
615 2390 682 2437 tras,

67 2457 93 2505 et
101 2448 168 2503 cadat
177 2458 235 2506 autu
245 2451 324 2506 Lares
333 2450 452 2514 Gallitae,
464 2449 571 2504 victima
581 2462 654 2503 sacra

67 2524 627 2598 tantiedignadeiaetcaptaturibusburum
896 2551 899 2558 ·

68 2599 136 2655 Alter
144 2617 220 2663 emm
232 2617 254 2654 ει
247 2599 394 2656 concedas
405 2608 525 2662 mactare.
539 2599 645 2656 vovebit
820 2605 859 2651 111

70 2675 180 2748 degrege
188 2692 324 2732 servorum
336 2693 431 2749 magna
442 2684 466 2732 et
472 2676 634 2746 pulcerrima
644 2686 767 2746 quaeque
896 2675 901 2686 ”

70 2766 181 2825 corpora
201 2748 242 2805 vel
252 2767 342 2826 puceis
350 2760 377 2810 et
385 2750 515 2810 luentibus
526 2749 681 2811 ancillarum
