2250 3250
272 213 305 268 52
425 212 428 216 ’
539 217 750 267 IUVENALIS

269 319 313 374 dat
322 335 434 390 poenas:
455 325 557 375 noctem
567 318 665 392 patitur
676 317 792 391 lugentis
801 318 917 374 amicum

214 404 254 447 28⁰
268 393 381 459 Pelidae,
396 394 514 449 cubatio
526 394 627 460 faciem,
641 410 705 448 mox
714 393 808 448 deindo
817 395 946 464 supinus:

271 466 343 541 [ergo
353 485 405 522 non
416 469 490 523 aliter
496 470 596 539 poterit
602 468 735 523 dormire?
754 465 932 542 Quibusdam]

270 560 395 597 somnum
405 544 462 596 nixa
475 542 544 597 lacit.
566 542 617 619 §ed
625 543 751 614 quamvis
763 543 899 615 improbus
910 542 991 597 anuis

270 625 349 703 atque
359 615 552 682 meroiervens
563 617 728 685 0000010000,
740 635 820 688 quom
830 618 935 672 coccina
945 616 1027 672 laena

270 691 348 745 vitan
358 691 439 756 iubet
452 699 477 746 et
486 692 613 746 oomltum
623 691 798 764 longissimus
807 691 881 756 ordo

215 775 254 818 285
269 764 385 819 multum
395 774 526 836 plaetorea
535 764 703 820 flammarum
713 773 738 819 et
747 768 826 820 a'enea
839 765 957 835 lampas:

271 857 323 904 me,
338 857 419 911 quem
429 840 492 895 luna
502 840 568 895 solet
580 841 708 895 deducere
718 839 759 894 vel
769 839 850 894 breve
862 838 954 893 lumen

270 913 401 982 candelae,
416 914 493 971 ouius
502 914 628 986 dispenso
637 922 662 968 et
670 921 786 987 tempero
797 913 884 979 filum,

269 989 423 1044 contemnit
453 991 563 1044 Miserae
571 1005 698 1062 cognosce
708 988 841 1059 prooemia
850 989 932 1052 rixae

270 1064 419 1128 s1r1naest
432 1063 479 1117 ubi
489 1071 517 1117 tu
527 1063 628 1132 pulsas
640 1080 689 1135 ego
699 1062 797 1134 vapulo
807 1070 919 1121 tantum

215 1145 254 1190 'att
269 1138 421 1196 Statcoutra
430 1137 547 1208 starique
556 1137 641 1191 iubet
661 1150 753 1207 parete
763 1154 867 1191 necesse
877 1144 925 1191 est

268 1213 336 1266 Nam
347 1211 413 1282 quid
424 1227 495 1283 agas,
507 1228 593 1283 quum
602 1218 627 1266 ta
636 1209 753 1266 furiosus
762 1220 837 1301 cogat
847 1218 871 1265 et
880 1202 951 1265 idem

269 1284 377 1340 sortior?
399 1285 571 1340 Undeoents?
589 1284 732 1340 exclamat:
755 1291 830 1340 euius
842 1276 937 1350 acatos

270 1360 344 1416 cuius
354 1360 556 1415 souchetumes?
576 1366 635 1430 quis
645 1363 823 1414 tecumsectite
833 1377 944 1428 porrum

270 1444 343 1489 sutor
352 1445 377 1489 et
386 1438 452 1490 etimi
460 1440 574 1489 vervacto
584 1438 660 1489 labra
672 1432 799 1489 comedit?

229 1518 253 1561 05
269 1510 316 1564 Ntt
328 1508 555 1576 mittrespondes?
574 1510 625 1562 Aut
639 1513 691 1572 dte
703 1514 847 1583 antoecipe
857 1510 969 1564 calcem!

268 1584 330 1646 Ede,
342 1585 387 1636 ubi
397 1587 535 1637 00000000οε
557 1586 587 1636 in
596 1599 648 1651 quo
661 1591 684 1636 te
693 1599 790 1651 quaero
797 1581 962 1652 proseucha?

268 1657 389 1712 Dicere
367 1674 390 1710 st
401 1664 483 1711 tentes
493 1655 605 1728 aliquid,
617 1657 745 1711 tacitusve
756 1658 869 1723 recedas

268 1731 433 1786 tantumdem
447 1740 499 1799 est3
521 1732 618 1802 pariter
631 1730 741 1787 leniunt:
762 1731 1017 1789 vad1m0n1ade1nde

269 1807 328 1861 nott
338 1806 444 1861 laniunt
474 1775 593 1860 Libertas
602 1806 725 1876 pauperis
738 1806 801 1861 haec
809 1814 862 1862 est:
935 1814 939 1821 '

214 1892 253 1934 000
268 1881 390 1952 pulsatus
403 1886 485 1966 rogat¹
498 1886 523 1934 et
532 1881 632 1952 pugnis
642 1881 762 1935 concisus
772 1880 870 1946 adorat,
1113 1925 1114 1930 ,

268 1964 298 2009 ut
306 1950 386 2009 liceat
394 1971 485 2026 paucls
498 1972 560 2008 cum
571 1954 695 2009 dentibus
705 1956 767 2010 mde
776 1955 880 2011 reverti
927 2011 929 2014 .
1113 1971 1114 2030 0

268 2029 593 2084 Nectamenhoetantum
605 2038 721 2085 metuas:
743 2029 1011 2101 nam,qu1spol1ette
1113 2039 1114 2102 l

268 2121 321 2158 non
332 2104 421 2169 deerit
437 2103 535 2159 clausis
544 2105 669 2159 domibus
678 2105 1014 2177 postquamomnisubique
1113 2107 1114 2134 0

269 2178 321 2232 fixa
332 2185 461 2234 catenatae
471 2179 546 2233 silutt
556 2193 684 2251 compago
694 2177 824 2233 tabernae
1113 2165 1114 2210 0

183 2283 187 2290 -
214 2261 253 2305 3⁰5
268 2250 403 2307 Interdum
414 2261 438 2307 ct
448 2251 515 2308 ferro
524 2254 630 2308 subitus
642 2260 773 2326 grassator
782 2254 836 2331 agit
845 2270 911 2322 rem,
1113 2251 1114 2308 l

268 2334 368 2382 armato
380 2328 482 2398 quoties
494 2335 564 2384 tutae
572 2326 680 2388 custode
691 2334 812 2386 tenentur
1113 2311 1114 2376 0

270 2409 295 2455 00
304 2402 423 2455 Pomtina
434 2401 511 2472 palus
521 2410 546 2456 et
555 2400 736 2456 GallinarIa
709 2418 801 2488 pmus:

185 2511 191 2518 -
269 2475 385 2530 Sicinde
400 2475 564 2540 hucomncs
581 2483 718 2547 tamquam
729 2475 798 2531 ad
771 2492 882 2539 vivona
896 2486 1012 2532 currunt.

269 2550 326 2616 Qua
337 2548 441 2604 fornace
448 2567 552 2623 graves,
558 2566 619 2677 fqua
629 2566 681 2605 non
691 2550 787 2606 incude
798 2549 921 2605 catenae?

215 2633 255 2677 000
269 2624 421 2680 Maximus
415 2642 441 2678 ιη
452 2623 570 2679 vinclisf
568 2642 620 2678 ern
613 2624 736 2690 Qmodus
746 2633 777 2680 ut
786 2625 889 2690 timeas,
900 2642 935 2680 ne

269 2716 361 2756 vomer
369 2698 481 2766 deficiat
494 2717 639 2755 nomarrae
647 2707 672 2754 et
681 2699 783 2755 sarcula
794 2699 890 2756 desint.
