2250 3250
301 179 349 234 tit
565 182 777 231 luvnunms

298 302 436 342 servorum
446 291 524 340 noctu
533 284 643 340 Licinus
653 284 732 348 iubet,
744 282 869 338 attonitus
876 299 926 356 pro

299 360 393 417 electro
402 359 540 433 signisque
550 359 793 434 suis,Phrygiaque
801 357 933 423 columna,

300 443 379 507 atque
389 435 475 499 ebore,
487 442 512 488 et
521 432 572 488 lata
585 434 725 489 testudine.
754 432 828 488 Delia
838 432 903 488 nudi

299 526 354 565 uon
367 509 458 564 ardent
469 509 577 583 Cynici:
597 508 621 562 si
631 508 748 582 fregeris,
763 507 842 562 altera
852 508 895 562 fiet

247 595 287 638 31⁰
300 601 358 639 oras
368 584 473 647 domus,
480 591 525 638 aut
534 580 635 648 eadem,
643 582 753 654 plumbo
761 581 911 648 commissa,
919 584 1058 641 manebit.

284 664 287 667 ’
301 658 389 714 Sensit
397 657 553 721 Alexander,
566 664 630 712 testa
638 673 724 730 quum
733 657 800 713 vidit
808 657 836 710 iu
848 654 892 710 illa

301 749 430 806 magnum
439 731 620 797 habitatorem,
632 734 732 803 quanto
741 730 838 785 felicior
847 729 899 794 hic,
910 731 958 803 qui

302 807 340 862 nii
351 814 465 880 cuperet,
480 822 562 877 quam
573 806 621 878 qui
631 815 715 861 totum
725 805 778 859 sibi
788 811 904 883 posceret
912 806 1018 871 orbem,
1112 816 1113 863 i

301 899 430 953 passurus
439 881 520 953 gestis
531 879 667 952 aequanda
679 878 794 951 pericula
803 880 893 934 rebus.
1112 868 1113 891 ¹

247 967 286 1010 3¹5
301 955 412 1011 Nullum
423 972 522 1010 numen
531 954 623 1020 habes,
635 956 659 1009 si
668 955 704 1008 sit
712 954 865 1026 prudentia:
885 954 933 1008 sed
947 962 971 1008 te

302 1048 350 1085 nos
360 1030 487 1093 iacimus,
493 1030 513 1083 F
515 1037 618 1094 ortuna,
630 1029 717 1083 deam.
746 1029 870 1083 Mensura
883 1036 972 1083 tamen
982 1047 1052 1101 quae

301 1104 415 1159 sufficiat
425 1098 528 1162 census,
541 1104 564 1156 si
574 1103 636 1174 quis
644 1119 687 1157 me
698 1101 826 1167 consulat,
840 1102 929 1156 edam:

302 1182 332 1234 ln
343 1185 472 1251 quantum
484 1177 542 1231 sitis
551 1186 631 1250 atque
640 1176 722 1232 fames
732 1184 757 1232 et
767 1177 862 1249 frigora
873 1185 995 1248 poscunt,

302 1262 442 1326 quantum,
457 1252 579 1325 Epicure,
593 1252 640 1305 tibi
651 1251 740 1322 parvis
749 1250 852 1306 suffecit
862 1252 888 1305 in
900 1251 995 1317 hortis,

248 1340 288 1383 320
302 1336 433 1400 quantum
443 1326 564 1382 Socratici
575 1333 700 1397 ceperunt
712 1333 772 1380 ante
781 1332 896 1396 penates.
941 1384 952 1393 ,

303 1405 458 1474 Numquam
466 1400 539 1455 aliud
548 1403 656 1466 Natura,
667 1400 740 1455 aliud
751 1399 882 1471 Sapientia
893 1399 970 1454 dicet.

304 1478 415 1532 Acribus
424 1475 552 1547 exemplis
565 1473 837 1529 videorteclauderei
855 1474 936 1528 Misce

303 1568 364 1624 ergo
373 1549 474 1621 aliquid
485 1549 581 1603 nostris
590 1549 623 1603 de
633 1549 767 1603 moribus:
788 1547 861 1602 eiiioe
870 1566 1015 1611 summam,
1114 1588 1115 1619 ,

304 1626 346 1680 bis
355 1634 455 1697 septem
464 1624 604 1679 ordinibus
613 1641 694 1696 quam
706 1622 748 1679 lex
760 1622 885 1697 dignatur
898 1622 1018 1678 Othonis.
1114 1629 1115 1672 ὲ

249 1711 288 1754 ³25
303 1702 370 1755 Haec
378 1717 486 1771 quoque
494 1700 517 1753 si
528 1717 622 1773 rugam
634 1693 721 1764 trahit,
729 1698 898 1771 extenditque
906 1697 1046 1764 iabetium,

305 1791 381 1827 sume
392 1773 460 1827 duos
471 1774 582 1843 equites,
597 1773 637 1827 iac
649 1774 723 1828 tertia
734 1771 938 1845 quadringenta.

303 1846 330 1899 Si
342 1845 460 1898 nondum
470 1845 578 1914 implevi
588 1848 731 1918 gremium,
743 1848 766 1901 si
777 1847 901 1918 panditur
910 1848 994 1902 ultra:

279 1951 281 1953 v
305 1935 352 1972 nec
361 1917 449 1973 Croesi
459 1915 562 1973 fortune
573 1937 712 1991 umquam,
725 1939 772 1976 nec
782 1921 884 1975 Persica
896 1939 976 1996 regna

303 1992 434 2048 sufficient
445 1992 543 2058 animo,
556 2012 604 2050 nec
613 1994 721 2050 divitiae
730 1995 854 2059 Narcissi,

250 2078 289 2122 ³30
305 2068 414 2123 indulsit
427 2068 520 2123 Caesar
529 2068 573 2122 cui
586 2068 713 2124 Claudius
722 2070 820 2132 omnia,
833 2069 910 2123 cuius

305 2144 391 2214 paruit
403 2142 530 2228 imperiis,
542 2159 651 2198 uxorem
662 2144 777 2199 occidere
786 2144 884 2198 iussus.
