2250 3250
372 146 533 202 'samita
551 157 619 202 XIII.
678 117 685 131 =
825 154 873 205 l33

110 252 285 310 conductum
295 254 432 321 latronem,
444 255 566 311 incendia
580 255 708 326 sulphure
717 265 805 330 coepta
888 267 927 316 itt

111 337 203 402 atque
212 329 281 396 dolo,
293 330 393 401 primos
404 349 488 403 quum
500 333 580 386 ianua
592 331 691 404 colligit
700 332 788 406 ignem

111 404 212 460 conler
224 406 316 470 ethos,
329 407 422 460 veteris
433 407 480 479 qui
492 406 587 461 tollunt
595 406 705 479 grandia
715 407 806 480 templi

74 545 78 553 ἱ
111 479 227 552 pocula,
239 480 385 536 adorandae
394 482 534 555 robiginis,
545 489 571 535 et
580 481 740 553 populorum

111 556 191 609 dona
201 555 244 609 vel
254 556 363 629 antiquo
372 557 566 630 positasarege
575 573 692 613 coronas.

90 686 94 691 ,
111 631 191 684 Haec
203 629 241 684 ibi
252 630 276 684 si
285 648 338 685 non
350 638 421 697 sunt,
435 631 522 687 minor
530 639 615 688 exstat
627 631 780 706 sacrilegus,
793 633 840 704 qui
888 644 927 689 15⁰

111 705 197 759 radat
210 704 323 761 inaurati
332 705 418 761 lemur
428 706 556 773 Herculis,
568 706 695 768 etfaciam
705 706 791 778 ipsam

112 780 253 852 Neptuni:
274 780 321 852 qui
331 780 487 836 bracteolam
497 782 530 837 de
540 782 645 839 Castore
654 782 743 837 ducat.

112 856 162 909 An
173 855 278 909 dubitet
302 855 395 910 solitus
405 863 489 911 totum
500 856 612 912 conflare
622 855 784 912 Tonantem?
853 916 855 919 v
918 901 924 908 ,

115 928 219 986 Confer
229 936 255 984 et
264 931 375 985 artifices
385 931 607 1005 mercatoremque
616 932 721 997 veneni,
972 998 979 1003 ,

113 1013 143 1060 et
155 1004 343 1060 deducendum
353 1007 423 1062 corio
432 1007 509 1062 bovis
519 1007 546 1062 in
560 1024 642 1074 mare,
653 1024 716 1062 cum
724 1023 779 1079 quo
886 1018 925 1061 155

112 1080 255 1136 clauditur
264 1080 381 1136 adversis
392 1082 499 1137 innoxia
509 1082 591 1138 simia
596 1082 664 1138 latis.

113 1148 870 1229 Haecquotaparssoelerum,quaecustos'GallieusUrbis

113 1247 209 1304 usque
220 1249 235 1286 a
245 1230 362 1296 lucifero,
372 1231 455 1287 donec
464 1231 513 1288 lux
521 1232 630 1298 occidat,
643 1230 736 1288 audit?

114 1306 239 1362 Humani
251 1307 355 1380 generis
366 1324 452 1362 mores
463 1307 511 1362 tibi
523 1325 601 1364 nosse
611 1307 710 1365 volenti

47 1384 56 1395 '
114 1381 220 1437 sufficit
230 1398 284 1437 nna
294 1381 399 1438 domus.
429 1382 529 1437 Paucos
539 1399 666 1438 consume
675 1383 741 1447 dies,
753 1388 778 1437 et
885 1391 924 1434 too

114 1455 388 1523 diceretemisorum,
403 1465 544 1530 postquam
554 1457 750 1522 illincvencris,
766 1455 843 1511 aude.

115 1532 187 1600 Quis
196 1531 330 1590 tumidum
339 1540 431 1606 guttur
443 1535 555 1617 miratpr
563 1534 591 1589 in
604 1530 736 1606 Alpibus?
753 1539 799 1588 aut
807 1532 869 1606 quis

117 1608 146 1664 in
159 1609 246 1664 Meroe
254 1624 342 1664 crasso
350 1609 476 1665 maiorem
486 1607 586 1664 infante
596 1607 761 1664 mamillam?

118 1682 233 1739 Caerula
243 1682 305 1755 quis
316 1684 418 1755 stupuit
427 1683 551 1738 Germani
562 1684 674 1750 lumina,
688 1682 783 1738 flavam

115 1758 261 1813 caesariem
272 1765 297 1813 ct
307 1758 413 1814 madido
421 1766 587 1831 torquentem
596 1776 695 1816 cornua
705 1756 791 1813 cirro‘l
884 1768 923 1811 155
1012 1823 1015 1828 1

116 1835 223 1905 Nempe
229 1832 302 1906 quod
310 1834 375 1888 haec
385 1833 438 1888 illis
449 1842 541 1890 natura
555 1843 595 1890 est
607 1835 734 1892 omnibus
744 1850 806 1888 nna.

116 1908 163 1963 Ad
173 1908 275 1963 subitas
285 1908 416 1963 Thracum
427 1909 546 1965 volucres
558 1910 713 1982 nubemque
721 1925 844 1964 sonoram

118 1984 271 2057 Pygmaeus
280 1983 370 2055 parvis
380 1983 462 2038 currit
474 1983 583 2038 bellator
593 1986 621 2038 in
631 1985 726 2045 armis:

118 2075 186 2113 mox
195 2058 281 2130 impar
290 2058 358 2113 hosti
368 2066 511 2131 raptusque
519 2076 567 2131 per
577 2076 635 2114 aera
643 2057 733 2113 curvis

118 2133 370 2206 unguibusasaeva
380 2133 461 2187 fertur
469 2151 545 2207 grue.
576 2133 604 2188 Si
617 2133 707 2188 videas
716 2132 766 2186 hoo
883 2141 923 2184 tto

118 2208 244 2282 gentibus
254 2208 283 2263 in
293 2208 399 2274 nostris,
412 2208 468 2263 risu
478 2209 609 2280 quatiaro3
631 2209 678 2263 sed
688 2206 751 2272 illic,

119 2300 286 2356 quamquam
295 2283 386 2338 eadem
397 2283 502 2338 assidue
511 2290 662 2355 spectantur
671 2281 779 2355 proelia,
791 2280 858 2336 ridet
948 2316 955 2327 ,-

120 2375 208 2423 nemo,
220 2358 267 2413 ubi
277 2366 329 2413 tota
339 2358 431 2413 cohors
441 2358 507 2430 pede
516 2375 569 2414 non
580 2366 619 2415 est
628 2358 704 2414 alti0r
712 2375 777 2413 uno.

62 2480 68 2488 .
158 2433 273 2489 Nullane
279 2438 384 2503 periuri
393 2438 488 2502 capitis
495 2438 650 2505 fraudisque
659 2437 787 2505 nefandae

118 2525 202 2576 poena
211 2507 281 2563 erit?
299 2510 445 2580 Abreptnm
454 2509 529 2564 crede
538 2509 612 2565 hunc
620 2511 741 2597 graviore
750 2514 841 2562 catena
883 2514 922 2559 tto

120 2590 255 2654 protenus,
267 2590 292 2638 et
301 2592 390 2641 nostro
399 2582 473 2656 (quid
483 2584 544 2656 plus
554 2584 618 2641 velit
627 2584 691 2661 rra‘l)
710 2582 797 2639 necari

83 2733 89 2739 ·
120 2657 242 2715 arbitrio:
264 2665 353 2715 manet
362 2658 407 2714 illa
416 2665 504 2715 tamen
514 2660 621 2725 iactura,
637 2677 685 2716 nec
694 2673 824 2731 umquam
