2250 3250
307 246 340 302 tt
549 239 552 244 '
570 252 782 301 musanus

288 357 382 411 ‚Tunc
399 353 508 428 prurigo
521 368 610 409 morae
624 353 778 426 impatiens,
794 359 858 407 tunc
875 351 978 407 semina
997 352 1063 406 sim-
1094 388 1096 405 t

670 450 672 453 ·
730 428 782 492 lex,
858 444 861 447 ·

254 531 257 536 ·
308 512 334 560 et
343 512 395 559 toto
404 503 500 576 pariter
510 503 634 574 repetitus
642 445 883 559 eiamgrabantro:

308 581 365 634 iam
376 585 418 648 faa
427 587 479 647 esu·
496 583 604 632 admitte
611 580 697 633 ciros!
716 579 843 632 Dormitat
853 575 972 644 adulter,

211 684 216 695 ι
254 664 293 708 330
309 653 352 707 iila
362 653 435 707 iubet
444 660 533 707 sumto
542 650 665 707 iuvenem
675 651 936 725 properarecucuiio.

309 728 336 782 Si
346 727 413 782 nihii
423 737 471 793 est,
483 728 568 781 servis
580 728 730 783 incurritur.
761 726 910 782 abstuleris
919 738 998 797 spem

308 820 454 867 servornm,
467 802 553 857 veniet
561 802 706 857 conductus
717 803 853 874 aquarius.
884 801 933 854 iiic
941 800 965 854 si

309 877 726 951 quaeritunetdesunthomines3
748 874 1051 954 ¹morannliaperipsnrn,
1094 914 1095 917 ,

309 969 364 1024 quo
375 954 465 1006 minus
478 953 601 1023 imposito
612 951 718 1007 clunem
729 952 866 1006 submittat
876 950 964 1004 asello.
1065 950 1073 963 '
1094 968 1095 999 i

255 1037 294 1081 335
309 1029 396 1097 Atque
405 1027 581 1080 utinam'ritus
592 1035 691 1080 vetares
700 1034 726 1081 et
735 1026 841 1098 publica
849 1025 944 1079 saitem

310 1101 352 1155 his
363 1101 457 1163 intacta
466 1099 543 1154 maiis
553 1110 692 1172 agerentur
702 1118 789 1157 sacra:
810 1100 960 1156 sedomnes

310 1184 439 1230 noverunt
448 1174 533 1230 Mauri
544 1182 624 1246 atque
636 1176 704 1239 Indi
716 1193 785 1248 quae
796 1175 905 1247 psaltria
915 1190 1008 1245 penem
1094 1234 1095 1241 χ

310 1251 445 1314 maiorem,
456 1264 537 1321 quarn
549 1258 612 1304 sunt
623 1249 677 1306 duo
686 1252 804 1307 Caesaris
815 1250 992 1314 Anticatones,
1094 1260 1095 1297 i

311 1325 382 1389 iiiuc,
393 1325 506 1379 testiculi
516 1324 568 1378 sibi
578 1325 699 1379 conscius
709 1326 780 1380 unde
790 1324 858 1397 iugit
867 1340 939 1390 mus,
1094 1338 1095 1385 i

255 1407 295 1453 tto
311 1400 436 1464 intulerit,
447 1400 494 1455 ubi
504 1399 586 1454 velari
595 1401 697 1470 pictura
706 1401 820 1464 iubetur,
1094 1394 1096 1453 i

310 1488 494 1546 quaecumque
503 1474 610 1528 alterius
619 1492 699 1527 sexus
713 1475 811 1528 imitata
822 1473 937 1546 figuram
947 1476 995 1526 est.
1094 1462 1095 1533 ζ

309 1550 343 1601 Et
353 1547 925 1618 quistunchominumcontemtornuminis?
943 1557 1062 1619 autquis-
1094 1546 1095 1595 i

309 1622 474 1692 simpuvium
484 1621 568 1677 ridete
578 1624 689 1685 Numae.
702 1624 863 1697 nigrumque
872 1622 1011 1687 catinum,·
1094 1627 1095 1694 i

309 1704 334 1751 et
343 1697 468 1752 Vaticano
476 1696 581 1771 inagiies
593 1698 626 1753 de
636 1705 724 1754 monte
735 1698 843 1770 patellas

255 1777 295 1824 345
311 1789 392 1827 ausus
401 1772 480 1830 erati,
489 1772 540 1827 Sed
551 1790 623 1827 nunc
631 1773 665 1827 ad
677 1789 744 1845 quas
754 1791 806 1828 non
816 1772 926 1829 Clodius
936 1770 1010 1826 aras‘i

307 1873 310 1878 ·
346 1845 442 1908 Audin
455 1846 631 1916 quidveteses
640 1847 703 1902 oiim
714 1848 944 1914 moneatisamici:
1094 1819 1096 1872 7

311 1921 483 1988 Perveneram
503 1924 598 1975 cohibe.
628 1921 968 1996 Sedqniscustodietipsos

309 1993 448 2049 custodes?
466 1995 547 2050 Cauta
557 2005 605 2061 est,
618 2006 643 2051 et
652 1998 686 2052 ab
696 1999 748 2053 iliis
761 1999 853 2069 incipit
862 2014 940 2052 uxor.

348 2069 1043 2144 iamqueeadem'sumntispariterminimisquefibido,

256 2156 295 2198 350
312 2161 357 2198 nec
366 2144 466 2209 melior,
479 2146 578 2201 silicem
593 2147 705 2217 pedibus
715 2165 783 2220 quae
793 2147 902 2202 conterit
912 2155 1005 2210 atrum,

311 2236 391 2290 quam
402 2236 470 2290 quae
480 2220 618 2293 longorum
629 2223 734 2277 vehitur
742 2223 842 2277 cervice
855 2221 990 2295 Synonum.

347 2294 381 2348 Ut
391 2303 487 2364 spectet
496 2296 582 2360 ludus¹
594 2298 717 2352 conducit
725 2297 840 2371 Ogulnia
854 2304 965 2361 vestem,

311 2369 435 2423 conducit
441 2371 557 2435 comites,
569 2370 670 2435 sellam,
682 2371 801 2437 cervical,
817 2372 925 2435 amicas,

312 2444 449 2505 nutricem,
460 2451 486 2498 et
495 2439 599 2510 flavam,
611 2446 654 2499 cni
664 2446 707 2502 det
717 2448 849 2511 mandata,
861 2445 986 2518 pucilam.

227 2531 230 2536 ·
257 2530 296 2572 355
307 2519 378 2572 -iiaec
386 2525 483 2579 umen,
503 2520 604 2591 argenti
613 2531 734 2593 superest
747 2524 936 2596 quodcumque
945 2516 1052 2591 paterni·

313 2592 416 2648 levibus·
429 2592 541 2657 athletis,
553 2609 584 2648 ac
593 2612 656 2650 vasa
669 2599 823 2662 novissima,
836 2597 926 2651 donat.

311 2667 401 2723 Multis
411 2684 453 2723 res
462 2676 574 2741 angusta
584 2670 655 2725 domi
668 2682 720 2729 est:
742 2672 788 2727 sed
799 2671 872 2727 nulia
882 2670 1009 2742 pudorem

311 2745 472 2813 paupertatis
480 2743 568 2809 habet,
580 2760 627 2799 nec
636 2748 782 2802 semetitur
794 2747 827 2800 ad
837 2744 915 2800 ilium
