2250 3250
338 219 481 288 sarran
498 220 532 270 v.
620 229 622 231 ¹
773 222 801 274 ot

21 356 28 393 3
48 335 135 390 quum
146 317 230 375 venit
239 315 350 374 excelsis
360 320 484 376 manibus
494 320 599 377 sublata
607 321 731 380 ministri.

20 396 28 447 ,τ’
49 394 162 449 Sedtibi
175 393 293 448 dimidio
303 394 457 450 constrictus
470 412 620 451 cammarus
630 414 679 452 ovo
710 460 712 463 v

19 464 20 513 l
48 470 170 538 ponitur,
184 469 285 542 exigua
293 467 381 523 feralis
390 486 470 524 coena
477 469 584 542 patella.
835 485 860 527 ab

18 516 20 619 l
49 543 107 612 lpse
116 541 276 597 Venafrano
285 544 385 614 piscem
394 543 541 614 perfundit:
563 552 589 599 at
598 545 650 609 hic,
662 547 710 619 qui

18 624 20 689 ξ
48 616 170 686 pallidus
182 616 293 672 affertur
302 617 398 672 misero
408 617 456 672 tibi
467 618 559 684 caulis,
571 619 650 676 uehit

18 738 20 767 Ι
48 690 196 746 laternam.
227 690 297 747 lllud
306 693 377 746 enim
386 694 480 747 vestris
490 693 567 748 datur
576 693 693 761 alveolis,
704 697 776 769 quod

48 782 134 820 muna
145 766 324 837 Micipsarum
335 783 411 836 prora
421 767 546 823 subvexit
554 777 642 837 acuta3

48 840 246 911 propterquod
259 841 426 894 Romaeoum
436 842 775 912 Boocharenemolavatur3
833 855 858 898 tu

48 914 123 982 quod
132 923 211 969 tutos
221 914 300 968 etiam
309 913 569 986 lacitaserpentibus
577 918 648 970 atris.

50 987 155 1042 Mullus
166 989 219 1044 crit
228 988 345 1052 domino,
358 1006 438 1060 quem
448 989 521 1043 misit
530 989 643 1055 Corsica,
656 989 697 1046 vel
709 1008 789 1062 quem

50 1062 296 1117 Tauromenitanae
305 1080 393 1134 rupes,
406 1063 512 1135 quando
521 1081 600 1120 omne
610 1062 744 1136 peractum
755 1076 795 1121 est

50 1144 74 1188 et
83 1135 250 1213 iamsdelecit
256 1145 376 1191 nostrum
387 1156 468 1202 mare,
479 1138 544 1194 dum
553 1139 618 1212 gula
630 1136 728 1206 saevit(

50 1211 155 1265 retibus
167 1211 290 1266 adsiduis
299 1213 404 1282 ponitus
414 1219 544 1267 scrutante
554 1214 663 1267 macello
832 1225 858 1267 95

51 1286 189 1352 proxima,
202 1302 250 1339 ncc
259 1287 357 1355 patitur
369 1286 537 1359 Tyrrhenum
543 1289 659 1342 crescere
669 1289 777 1358 piscem.

52 1359 167 1414 lnstruit
177 1377 241 1433 ergo
251 1359 337 1415 focum
348 1360 494 1431 provincia:
515 1362 630 1416 sumitur
640 1361 722 1427 illinc,

40 1435 126 1502 ¹quod
138 1441 258 1506 captator
263 1433 335 1488 'emat
344 1436 438 1499 Lenas‚
449 1434 556 1489 Aurelia
565 1435 670 1489 vendat.

53 1505 162 1564 Virroni
174 1526 301 1563 muraena
312 1509 397 1574 datur,
410 1526 478 1579 quae
487 1509 604 1564 maxima
614 1511 686 1565 venit

52 1583 161 1656 gurgite
170 1583 205 1639 do
215 1582 316 1646 Siculo:
338 1600 410 1647 nam,
422 1584 488 1639 dum
497 1602 526 1640 se
534 1585 649 1640 continet
657 1585 760 1652 Auster,
819 1596 858 1639 too
961 1627 966 1634 .

52 1656 119 1711 dum
130 1659 207 1713 sedet
216 1666 241 1713 et
249 1659 328 1712 siccat
339 1659 458 1714 madidas
467 1659 496 1713 in
506 1676 606 1713 carcere
617 1678 735 1729 pennas,¹

54 1739 233 1788 contemnunt
242 1732 356 1786 mediam
366 1732 501 1786 temeraria
510 1732 565 1790 lina
576 1733 749 1805 Charybdim.
767 1787 770 1792 ,

54 1803 107 1860 Vos
118 1805 241 1879 anguilla
250 1814 346 1871 manet,
361 1806 454 1879 longae
461 1814 572 1878 cognata
578 1806 711 1876 colubrae,

54 1889 100 1934 aut
108 1880 197 1954 glacia
205 1880 346 1952 adspersus
355 1881 467 1935 maculis
477 1881 626 1947 Tiberinus,
638 1889 663 1936 et
674 1882 734 1953 ipse'

56 1955 171 2014 vernula
183 1954 310 2026 riparum,
322 1947 556 2028 pinguisstorrente
568 1954 663 2020 cloaca,
724 1969 726 1972 ·
819 1968 858 2009 105

56 2036 81 2081 ct
87 2029 186 2085 solitus
196 2028 298 2084 mediae
309 2038 427 2103 cryptam
437 2036 571 2100 penetrare
580 2029 709 2086 Suburae.

93 2105 150 2175 Ipsi
159 2120 245 2175 pauca
255 2103 346 2167 velim.
359 2102 460 2157 facilem
471 2103 493 2156 si
504 2103 626 2173 praebeat
637 2119 738 2155 aurem.
762 2158 772 2168 ,

58 2176 143 2233 Nemo
152 2177 225 2250 petit,
238 2178 348 2232 modicis
359 2194 427 2248 quae
436 2177 605 2231 mittebantur
616 2176 707 2230 amicis

58 2251 190 2317 aSeneca,
201 2268 270 2323 quae
279 2252 340 2306 Piso
349 2252 444 2316 bonus,
456 2268 524 2321 quae
532 2251 605 2305 Cotta
618 2248 718 2305 solebat

57 2322 167 2399 largire
187 2343 304 2397 namque
314 2331 339 2380 et
349 2324 431 2379 titulis
443 2333 468 2379 ot
477 2324 593 2381 fascibus
602 2323 667 2379 olim
820 2335 859 2376 tto

59 2402 144 2455 maior
152 2399 299 2455 habebatur
308 2400 424 2454 donandi
433 2399 529 2472 gloria:
549 2397 637 2454 solum

60 2475 205 2542 poscimus,
217 2481 247 2529 ut
256 2491 349 2529 coenes
358 2473 495 2542 civiliter„
508 2474 562 2528 Hoc
574 2473 637 2538 face,
650 2480 674 2527 et
684 2480 746 2537 esto,

60 2555 115 2602 osto
129 2546 169 2620 (ut
181 2565 253 2603 nunc
262 2546 349 2621 multi)
359 2549 433 2604 dives
443 2548 501 2612 tibi,
512 2565 612 2619 pauper
621 2548 724 2602 amicis.

97 2622 208 2678 Anseris
218 2629 277 2677 ante
288 2623 377 2694 ipsum
387 2624 477 2695 magni
488 2623 569 2684 iocur,
582 2622 720 2677 anseribus
729 2638 777 2693 par

61 2691 151 2764 altilia,
162 2703 187 2752 et
196 2695 258 2755 llari
268 2696 366 2779 dignus
375 2695 443 2753 ferro
451 2695 574 2770 Meleagri
821 2699 861 2744 ¹¹⁵
