2250 3250
296 166 298 169 ’
333 169 477 216 SATIRA
496 164 569 217 vnt‘

56 269 208 333 Gaurana,
222 277 248 323 et
257 269 346 325 Cosmi
357 277 409 324 toto
418 278 554 342 mergatur
563 286 638 324 aeno.

55 346 229 415 Exspectata
239 344 286 398 diu
297 345 401 398 undem
410 344 544 416 provincia
553 360 640 414 qiaum
650 351 684 399 te·

56 428 197 473 rectorem
211 418 327 489 accipiet,
339 436 407 490 pone
419 419 473 473 irae
482 417 553 473 frena
564 418 737 489 modumque,

58 501 172 563 poneet
187 493 327 549 avaritiae:
349 494 472 547 miserere
481 494 592 564 inopum
602 494 743 548 sociorum.

59 567 129 622 Ossa
141 567 226 621 vides
236 584 329 640 regum
338 568 429 622 vacuis
438 576 545 621 exsucta
556 567 688 623 medullis.
724 605 726 609 f
851 578 877 620 tto

59 642 191 713 Respice,
203 640 270 712 quid
281 650 405 696 moneant
414 641 495 714 leges,
506 641 572 713 quid
582 642 654 695 curia
667 642 782 707 mandet,

60 716 189 787 praemia
200 723 300 787 quanta
310 716 393 770 bonos
402 724 534 781 maneant,
546 733 629 787 quam
638 715 750 771 fulmine
761 717 830 771 iusto

61 799 86 843 et
95 791 200 860 Capito
210 796 235 845 et
244 790 326 843 Tutor
334 790 443 855 ruerint,
455 789 597 845 damnante
608 798 710 853 senatu,

61 865 170 934 piratae
180 863 306 919 Cilicum.
335 864 605 936 Sedquiddamnatio
617 862 726 926 confert,

63 956 156 1008 quum
169 939 257 992 Pansa
267 938 369 1008 eripiat,
382 938 515 1011 quidquid
525 938 573 991 tibi
583 940 659 992 Natta
670 936 818 1013 reliqnit‘l‘¹
851 948 876 992 ’15

48 1058 51 1063 .
63 1014 241 1074 Praeconem,
252 1012 405 1084 Chaerippo,
417 1014 470 1067 tuis
479 1012 652 1083 circumspice
661 1013 766 1083 pannis,

65 1087 181 1160 iamque
196 1095 260 1141 tace
298 1087 384 1142 anr
400 1096 448 1152 est,
465 1094 525 1157 post
539 1088 628 1141 omnia
638 1087 745 1158 perdere
754 1105 821 1143 nau-

478 1161 545 1215 lum.

65 1237 127 1290 Non
139 1236 216 1290 idem
228 1235 344 1308 gemitus
353 1233 417 1288 olim
428 1252 475 1288 nec
484 1235 584 1290 vulnus
594 1242 649 1289 erat
658 1253 705 1306 par

66 1309 243 1369 damnorum,
255 1308 334 1362 sociis
343 1307 506 1373 florentibus,
517 1318 542 1362 et
552 1309 631 1363 modo
640 1310 726 1363 victis.

67 1383 151 1439 Plena
160 1384 261 1438 domus
272 1390 335 1436 tnnc
344 1382 431 1436 omnis
441 1391 466 1436 et
476 1383 570 1455 ingens
582 1383 667 1438 stabat
676 1399 786 1437 acervus
837 1392 876 1434 ton

68 1470 229 1529 numerum,
241 1457 367 1528 Spartana
376 1448 506 1531 chlamys,
518 1455 647 1512 conchilia
657 1457 718 1522 Coa,

69 1542 93 1585 et
105 1551 173 1588 cum
184 1531 315 1595 Parrhasii
328 1531 576 1604 tabulissignisque
588 1533 706 1605 Myronis

68 1607 230 1663 Phidiacum
244 1607 349 1662 vivebat
358 1606 433 1669 ebur,
447 1622 557 1660 necnon
569 1604 694 1678 Polycleti

69 1684 177 1737 multus
188 1682 289 1752 ubique
297 1681 384 1736 labor:
406 1697 479 1750 rarae
488 1679 546 1733 sine
557 1681 674 1734 Mentore
683 1696 799 1735 mensae.

70 1758 137 1812 lude
146 1755 280 1812 Dolabella
289 1763 328 1809 est
338 1764 416 1826 atque
425 1754 487 1809 hinc
496 1754 637 1819 Antonius,
649 1753 712 1810 inde
752 1759 762 1769 “
788 1821 791 1826 ⁴
837 1763 876 1807 1⁰5

70 1832 220 1903 sacrilegus
229 1831 332 1885 Verres.
345 1893 349 1896 Ι
361 1828 516 1884 Referebant
526 1830 640 1886 navibus
650 1829 711 1885 altis

71 1906 175 1969 oocnlta
188 1904 270 1975 spolia
281 1912 308 1959 ct
315 1903 404 1975 plures
413 1903 447 1959 de
454 1921 518 1975 pace
527 1904 687 1976 triumphos.

71 1982 152 2035 Nunc
165 1980 244 2033 sociis
259 1980 320 2052 iuga
334 1995 417 2052 pauca
429 1978 511 2033 boum
521 1986 547 2032 et
554 1994 621 2051 grex
630 1994 729 2048 parvus
738 1992 821 2047 equa-

480 2070 555 2119 rum,
650 2116 652 2123 Ι

71 2137 96 2183 et
108 2136 185 2200 pater
194 2129 304 2184 armenti
315 2134 389 2198 capto
401 2125 526 2198 eripietur
535 2124 632 2199 agello:
663 2158 667 2163 ⁴

72 2204 124 2274 ipsi
134 2202 326 2265 deindaLares,
339 2203 362 2255 si
372 2202 443 2273 qnod
455 2200 596 2272 spectabile
604 2199 723 2273 signum,
836 2207 876 2251 111

71 2280 93 2331 si
105 2278 170 2349 qtiis
182 2278 208 2332 in
219 2276 334 2347 aedicula
347 2275 412 2329 deus
423 2293 504 2330 unus.
527 2273 604 2350 [Haec
612 2274 708 2329 etenim
717 2280 781 2330 sunt

71 2370 120 2423 pro
131 2352 261 2406 summis:
278 2368 339 2405 narn
350 2358 413 2404 sunt
422 2351 486 2405 haec
495 2346 639 2480 maxima&
654 2349 822 2420 Despiciastu

71 2426 181 2482 forsitan
194 2424 312 2479 imbelles
323 2424 438 2479 Rhodios
447 2433 609 2496 unctamque
640 2424 791 2481 orinthunr:

71 2500 204 2571 despicias
216 2500 320 2554 merito.
349 2499 420 2566 Quid
430 2500 542 2554 resinata
556 2501 681 2555 inventus

71 2592 205 2645 cruraque
214 2575 295 2628 totius
306 2574 399 2629 facient
409 2573 456 2628 tibi
468 2573 534 2628 levia
543 2574 650 2647 gentis?
716 2621 719 2624 .
830 2579 876 2624 tta

72 2643 185 2709 Horrida
193 2649 301 2705 munda
311 2657 349 2703 est
362 2648 497 2723 Hispania,
510 2646 628 2705 Gallicus
638 2648 705 2714 axis,
