2250 3250
269 253 273 261 ¹
362 234 508 311 sumn
526 232 571 282 VI.
807 228 836 283 'll

97 328 262 397 vendemus,
274 340 298 395 et
309 333 396 390 adhuc
406 334 503 391 virides
514 335 540 389 iu
552 334 644 388 limine
656 351 752 390 remos.

97 404 139 459 Sic
146 408 235 461 crescit
249 426 391 476 numerus;
414 410 452 465 sle
463 410 690 465 fiuntoctomeriti

46 545 60 559 1
97 482 211 555 quinque
220 500 266 558 per
275 493 446 540 auctumncs:
467 487 544 540 titulo
556 504 598 540 res
608 484 688 558 digna
699 485 821 556 sepulcri.
854 497 894 541 23⁰

133 556 292 627 Desperanda
305 560 353 615 tibi
362 560 435 615 selva
444 558 675 621 eoncordiasucru.

97 628 141 714 llle
150 631 221 686 docet
230 634 322 704 spoliis
333 635 398 689 nudi
408 636 523 711 gaudere
532 637 633 704 mariti;

97 704 139 790 illa
148 706 228 773 dccet,
242 709 332 763 missis
343 727 357 763 a
370 719 521 782 corruptore
529 710 641 774 tabellis,

98 779 132 833 ull
143 782 213 846 rude,
228 782 265 837 iiil
280 783 394 856 simplex
404 783 556 843 rescribere:
579 784 675 855 decipit
685 783 729 838 ille

96 856 221 921 custodes,
233 864 278 912 eut
288 859 453 919 ceredumat.
489 860 572 929 Tunc,
587 874 783 931 corporesnn05
855 868 894 912 235

98 929 199 986 advocet
209 930 384 1008 Archigenen,
398 952 559 1009 onerosaque
569 932 648 1006 pallia
660 934 744 986 iactet.

97 1005 204 1089 dbditus
215 1007 312 1063 interea
322 1008 384 1063 latet
392 1018 417 1064 et
426 1019 540 1065 secretus
550 1008 661 1073 adulter,

96 1082 286 1154 impatiensque
295 1101 382 1138 meree
392 1091 477 1156 pavet,
489 1093 514 1139 et
525 1080 659 1157 praeputia
669 1082 751 1137 ducit.

96 1153 195 1225 Scilicet
203 1167 346 1228 exspectas,
358 1169 388 1212 ut
398 1160 481 1214 tradat
494 1167 575 1214 mater
585 1161 707 1214 honestos

96 1231 351 1301 atquealicsmores
364 1251 523 1306 quemquos
534 1234 630 1289 hebet‘.l
649 1232 716 1288 Utile
726 1230 803 1304 perro
854 1237 894 1283 242
975 1259 977 1263 ,

96 1304 200 1377 filiolum
211 1306 282 1379 turpi
293 1306 394 1363 vetulae
408 1309 548 1379 producere
557 1316 679 1379 turpem„

129 1381 208 1435 Nulla
218 1381 270 1436 lere
280 1386 358 1436 censa
369 1392 416 1447 est,
430 1384 456 1437 in
467 1398 519 1454 que
530 1399 583 1437 nun
596 1383 694 1436 lemine
704 1378 776 1433 litem

95 1456 210 1510 moverit.
240 1457 351 1512 Accusat
361 1456 477 1522 Manilia,
489 1458 513 1512 si
524 1474 565 1512 ree
578 1463 690 1512 nonest.
767 1508 770 1513 .

95 1528 342 1603 Componuntipsae
350 1550 396 1603 per
406 1524 434 1587 se
445 1530 611 1603 formantque
624 1530 735 1592 libellos,

94 1605 254 1678 principium
265 1614 343 1679 atque
353 1604 425 1662 locos
432 1607 507 1664 Celso
520 1607 617 1664 dictare
626 1613 737 1678 paratae.
760 1675 762 1678 .
855 1611 894 1662 245
941 1614 945 1620 ·

128 1681 305 1737 Endromidas
315 1682 408 1757 Tyrias
418 1690 444 1736 et
452 1679 598 1737 femineum
610 1697 712 1735 ceroma

93 1758 154 1828 quis
167 1755 268 1811 nescit?
286 1755 331 1810 a‘ut
340 1757 406 1832 quis
415 1773 467 1812 non
479 1755 546 1812 vidit
560 1754 670 1816 vulnera
678 1752 750 1825 pali?

93 1850 172 1905 quem
183 1839 257 1902 cenet
266 1831 386 1900 edsiduis
395 1831 508 1887 sudibus
518 1838 645 1902 scutoque
655 1827 766 1888 lacessit.

93 1915 172 1980 atquc
180 1921 273 1961 omnes
284 1905 375 1978 implet
386 1924 518 1976 numeres,
531 1903 689 1979 dignissime
699 1921 807 1976 prorsus

93 1981 177 2038 florali
186 1988 306 2036 metrone
316 1981 393 2047 tuba'3
415 1981 467 2035 nisi
481 1981 504 2034 si
515 1980 582 2051 quid
592 1979 619 2033 in
630 1977 676 2032 illo
856 1988 895 2030 250

93 2058 195 2129 pectere
204 2055 266 2127 plus
278 2056 365 2132 agitet,
378 2057 506 2126 veraeque
518 2061 626 2127 peretur
637 2069 731 2114 arenae

94 2134 179 2199 Quem
189 2138 320 2202 praestare
329 2138 413 2204 potest
423 2122 518 2191 mulier
527 2129 628 2204 galeata
638 2126 774 2200 pudorem,

96 2205 240 2279 quaelugit
249 2223 264 2259 a
273 2205 360 2261 sexul
378 2205 454 2261 Vires
466 2211 546 2259 emet.
576 2206 643 2259 llaec
650 2210 735 2257 temen
746 2202 804 2273 ipsa

94 2283 135 2338 vir
144 2280 225 2336 nollet
235 2277 306 2336 lieri:
328 2298 390 2335 nam
400 2277 527 2356 quantula
540 2287 626 2334 nostre
637 2277 777 2348 voluptas?
813 2345 818 2348 ¹

60 2377 62 2381 ’
96 2356 177 2423 Quale
185 2356 266 2411 decus
277 2374 375 2421 rerum,
390 2356 414 2409 si
426 2354 547 2428 coniugis
557 2345 642 2409 euclio
652 2351 714 2407 fiat‘l
856 2362 894 2403 255
953 2373 956 2383 1

96 2431 199 2486 Balteus
211 2438 236 2484 et
246 2430 364 2486 manicae
373 2438 398 2485 et
407 2430 501 2486 cristae
510 2430 649 2502 crurisque
658 2427 760 2482 sinistri

97 2506 236 2560 dimidium
247 2510 257 2559 t
292 2506 376 2561 lmen:
398 2504 450 2570 vel,
461 2505 485 2559 si
494 2503 599 2559 diverse
612 2502 728 2558 movebit

98 2580 201 2652 proelia,
212 2588 242 2634 tu
251 2522 324 2647 foelix,
336 2575 423 2654 oeneus
433 2579 563 2635 vendente
573 2571 670 2654 puelle.
777 2645 780 2648 1

98 2657 148 2710 llee
157 2662 311 2735 suntsquae
320 2655 393 2720 tenui
403 2653 499 2709 sudant
508 2656 536 2708 in
546 2653 662 2725 cyclade,
674 2667 789 2722 quarum

99 2731 201 2786 delicias
212 2736 237 2784 et
246 2728 405 2799 panniculus
415 2721 592 2802 bumbycinus
602 2728 663 2780 urit.
856 2733 895 2776 220
