<?xml version="1.0" encoding="UTF-8"?>
<!DOCTYPE html PUBLIC "-//W3C//DTD XHTML 1.0 Transitional//EN"
    "http://www.w3.org/TR/xhtml1/DTD/xhtml1-transitional.dtd">
<html xmlns="http://www.w3.org/1999/xhtml" xml:lang="en" lang="en">
 <head>
  <title>
</title>
<meta http-equiv="Content-Type" content="text/html;charset=utf-8" />
  <meta name='ocr-system' content='tesseract 3.04.00' />
  <meta name='ocr-capabilities' content='ocr_page ocr_carea ocr_par ocr_line ocrx_word'/>
</head>
<body>
  <div class='ocr_page' id='page_1' title='image "apersiiflacciet01weisgoog_0135.png"; bbox 0 0 2250 3250; ppageno 0'>
   <div class='ocr_carea' id='block_1_1' title="bbox 346 212 822 271">
    <p class='ocr_par' dir='ltr' id='par_1_1' title="bbox 346 212 822 271">
     <span class='ocr_line' id='line_1_1' title="bbox 346 212 822 271; baseline 0.021 -11"><span class='ocrx_word' id='word_1_1' title='bbox 346 212 490 264; x_wconf 73' lang='lat' dir='ltr'>surana</span> <span class='ocrx_word' id='word_1_2' title='bbox 512 219 559 264; x_wconf 77' lang='lat' dir='ltr'>xi.</span> <span class='ocrx_word' id='word_1_3' title='bbox 774 212 822 271; x_wconf 73' lang='lat' dir='ltr'>tta</span> 
     </span>
    </p>
   </div>
   <div class='ocr_carea' id='block_1_2' title="bbox 49 312 875 686">
    <p class='ocr_par' dir='ltr' id='par_1_2' title="bbox 49 312 860 462">
     <span class='ocr_line' id='line_1_2' title="bbox 49 312 860 387; baseline 0.011 -17"><span class='ocrx_word' id='word_1_4' title='bbox 49 312 161 371; x_wconf 78' lang='lat' dir='ltr'>fornice</span> <span class='ocrx_word' id='word_1_5' title='bbox 173 312 345 385; x_wconf 80' lang='lat' dir='ltr'><strong>mancipium</strong></span> <span class='ocrx_word' id='word_1_6' title='bbox 356 316 456 387; x_wconf 89' lang='lat' dir='ltr'>quibus</span> <span class='ocrx_word' id='word_1_7' title='bbox 468 318 594 384; x_wconf 78' lang='lat' dir='ltr'>abstinet3</span> <span class='ocrx_word' id='word_1_8' title='bbox 616 316 660 385; x_wconf 89' lang='lat' dir='ltr'>ille</span> <span class='ocrx_word' id='word_1_9' title='bbox 670 317 772 377; x_wconf 84' lang='lat' dir='ltr'>fruatur</span> <span class='ocrx_word' id='word_1_10' title='bbox 857 373 860 378; x_wconf 86' lang='lat'><em>.</em></span> 
     </span>
     <span class='ocr_line' id='line_1_3' title="bbox 49 390 666 462; baseline 0.008 -19"><span class='ocrx_word' id='word_1_11' title='bbox 49 392 177 445; x_wconf 88' lang='lat' dir='ltr'>vocibus</span> <span class='ocrx_word' id='word_1_12' title='bbox 189 390 330 444; x_wconf 88' lang='lat' dir='ltr'>obscoenis</span> <span class='ocrx_word' id='word_1_13' title='bbox 339 393 465 462; x_wconf 90' lang='lat' dir='ltr'>omnique</span> <span class='ocrx_word' id='word_1_14' title='bbox 475 391 594 447; x_wconf 87' lang='lat' dir='ltr'>libidinis</span> <span class='ocrx_word' id='word_1_15' title='bbox 604 402 666 460; x_wconf 81' lang='lat' dir='ltr'>arte,</span> 
     </span>
    </p>

    <p class='ocr_par' dir='ltr' id='par_1_3' title="bbox 49 464 875 686">
     <span class='ocr_line' id='line_1_4' title="bbox 49 464 756 539; baseline 0.008 -20"><span class='ocrx_word' id='word_1_16' title='bbox 49 467 100 536; x_wconf 91' lang='lat' dir='ltr'>qui</span> <span class='ocrx_word' id='word_1_17' title='bbox 114 464 367 519; x_wconf 80' lang='lat' dir='ltr'>Lacedaemonium</span> <span class='ocrx_word' id='word_1_18' title='bbox 378 468 519 539; x_wconf 71' lang='lat' dir='ltr'>pytismate</span> <span class='ocrx_word' id='word_1_19' title='bbox 532 467 642 532; x_wconf 82' lang='lat' dir='ltr'><strong>lubricat</strong></span> <span class='ocrx_word' id='word_1_20' title='bbox 651 469 756 526; x_wconf 89' lang='lat' dir='ltr'>orbem:</span> 
     </span>
     <span class='ocr_line' id='line_1_5' title="bbox 52 539 801 617; baseline 0.008 -23"><span class='ocrx_word' id='word_1_21' title='bbox 52 557 185 611; x_wconf 89' lang='lat' dir='ltr'>namque</span> <span class='ocrx_word' id='word_1_22' title='bbox 198 539 237 593; x_wconf 90' lang='lat' dir='ltr'>ibi</span> <span class='ocrx_word' id='word_1_23' title='bbox 247 540 377 611; x_wconf 79' lang='lat' dir='ltr'>Fortunae</span> <span class='ocrx_word' id='word_1_24' title='bbox 389 544 491 596; x_wconf 87' lang='lat' dir='ltr'>veniam</span> <span class='ocrx_word' id='word_1_25' title='bbox 501 543 607 597; x_wconf 87' lang='lat' dir='ltr'>damus.</span> <span class='ocrx_word' id='word_1_26' title='bbox 635 544 696 598; x_wconf 85' lang='lat' dir='ltr'>Alea</span> <span class='ocrx_word' id='word_1_27' title='bbox 707 552 801 617; x_wconf 74' lang='lat' dir='ltr'>turpia,</span> 
     </span>
     <span class='ocr_line' id='line_1_6' title="bbox 52 614 875 686; baseline 0.01 -19"><span class='ocrx_word' id='word_1_28' title='bbox 52 623 136 686; x_wconf 88' lang='lat' dir='ltr'>turpe</span> <span class='ocrx_word' id='word_1_29' title='bbox 146 623 177 668; x_wconf 87' lang='lat' dir='ltr'>et</span> <span class='ocrx_word' id='word_1_30' title='bbox 189 614 351 685; x_wconf 74' lang='lat' dir='ltr'>adulterium</span> <span class='ocrx_word' id='word_1_31' title='bbox 362 616 548 672; x_wconf 80' lang='lat' dir='ltr'><strong>mediocribus.</strong></span> <span class='ocrx_word' id='word_1_32' title='bbox 580 620 647 672; x_wconf 86' lang='lat' dir='ltr'>llaec</span> <span class='ocrx_word' id='word_1_33' title='bbox 656 619 745 674; x_wconf 83' lang='lat' dir='ltr'>eadem</span> <span class='ocrx_word' id='word_1_34' title='bbox 757 621 796 675; x_wconf 91' lang='lat' dir='ltr'>illi</span> <span class='ocrx_word' id='word_1_35' title='bbox 837 632 875 675; x_wconf 82' lang='lat' dir='ltr'>ttt</span> 
     </span>
    </p>
   </div>
   <div class='ocr_carea' id='block_1_3' title="bbox 55 686 769 827">
    <p class='ocr_par' dir='ltr' id='par_1_4' title="bbox 55 686 769 827">
     <span class='ocr_line' id='line_1_7' title="bbox 55 686 769 764; baseline 0.011 -22"><span class='ocrx_word' id='word_1_36' title='bbox 55 691 151 743; x_wconf 87' lang='lat' dir='ltr'>omnia</span> <span class='ocrx_word' id='word_1_37' title='bbox 165 706 258 761; x_wconf 91' lang='lat' dir='ltr'>quum</span> <span class='ocrx_word' id='word_1_38' title='bbox 273 688 376 750; x_wconf 82' lang='lat' dir='ltr'>faciant,</span> <span class='ocrx_word' id='word_1_39' title='bbox 390 690 485 745; x_wconf 77' lang='lat' dir='ltr'><strong>hilares</strong></span> <span class='ocrx_word' id='word_1_40' title='bbox 496 693 625 764; x_wconf 81' lang='lat' dir='ltr'>nitidique</span> <span class='ocrx_word' id='word_1_41' title='bbox 634 686 769 751; x_wconf 86' lang='lat' dir='ltr'>vocantur.</span> 
     </span>
     <span class='ocr_line' id='line_1_8' title="bbox 55 763 672 827; baseline 0.01 -11"><span class='ocrx_word' id='word_1_42' title='bbox 55 764 158 818; x_wconf 84' lang='lat' dir='ltr'>Nostra</span> <span class='ocrx_word' id='word_1_43' title='bbox 171 764 280 818; x_wconf 84' lang='lat' dir='ltr'>dabunt</span> <span class='ocrx_word' id='word_1_44' title='bbox 289 763 353 817; x_wconf 86' lang='lat' dir='ltr'>alios</span> <span class='ocrx_word' id='word_1_45' title='bbox 365 765 442 827; x_wconf 84' lang='lat' dir='ltr'>hodie</span> <span class='ocrx_word' id='word_1_46' title='bbox 451 767 572 821; x_wconf 88' lang='lat' dir='ltr'>convivia</span> <span class='ocrx_word' id='word_1_47' title='bbox 584 767 672 822; x_wconf 83' lang='lat' dir='ltr'>ludos:</span> 
     </span>
    </p>
   </div>
   <div class='ocr_carea' id='block_1_4' title="bbox 18 838 875 2782">
    <p class='ocr_par' dir='ltr' id='par_1_5' title="bbox 54 838 745 912">
     <span class='ocr_line' id='line_1_9' title="bbox 54 838 745 912; baseline 0.004 -20"><span class='ocrx_word' id='word_1_48' title='bbox 54 838 186 893; x_wconf 82' lang='lat' dir='ltr'>conditor</span> <span class='ocrx_word' id='word_1_49' title='bbox 200 838 462 902; x_wconf 55' lang='lat' dir='ltr'>lliados‘cantabitun</span> <span class='ocrx_word' id='word_1_50' title='bbox 475 843 678 912; x_wconf 82' lang='lat' dir='ltr'>atquellaronis</span> <span class='ocrx_word' id='word_1_51' title='bbox 740 839 745 848; x_wconf 89' lang='lat'>&#39;</span> 
     </span>
    </p>

    <p class='ocr_par' dir='ltr' id='par_1_6' title="bbox 58 912 843 986">
     <span class='ocr_line' id='line_1_10' title="bbox 58 912 843 986; baseline 0.01 -21"><span class='ocrx_word' id='word_1_52' title='bbox 58 913 171 967; x_wconf 83' lang='lat' dir='ltr'>altisoni</span> <span class='ocrx_word' id='word_1_53' title='bbox 185 913 296 967; x_wconf 89' lang='lat' dir='ltr'>dubiam</span> <span class='ocrx_word' id='word_1_54' title='bbox 308 912 427 968; x_wconf 80' lang='lat' dir='ltr'>facientia</span> <span class='ocrx_word' id='word_1_55' title='bbox 440 917 555 970; x_wconf 86' lang='lat' dir='ltr'>carmina</span> <span class='ocrx_word' id='word_1_56' title='bbox 567 916 692 986; x_wconf 88' lang='lat' dir='ltr'>palmam.</span> <span class='ocrx_word' id='word_1_57' title='bbox 755 930 759 937; x_wconf 84' lang='lat'>&#39;</span> <span class='ocrx_word' id='word_1_58' title='bbox 840 978 843 983; x_wconf 72' lang='lat'><em>,</em></span> 
     </span>
    </p>

    <p class='ocr_par' dir='ltr' id='par_1_7' title="bbox 58 986 875 1138">
     <span class='ocr_line' id='line_1_11' title="bbox 58 986 875 1063; baseline 0.006 -22"><span class='ocrx_word' id='word_1_59' title='bbox 58 986 131 1053; x_wconf 81' lang='lat' dir='ltr'>Quid</span> <span class='ocrx_word' id='word_1_60' title='bbox 145 987 238 1051; x_wconf 73' lang='lat' dir='ltr'>relect,</span> <span class='ocrx_word' id='word_1_61' title='bbox 251 987 315 1042; x_wconf 86' lang='lat' dir='ltr'>tales</span> <span class='ocrx_word' id='word_1_62' title='bbox 326 1005 480 1061; x_wconf 80' lang='lat' dir='ltr'>versusque</span> <span class='ocrx_word' id='word_1_63' title='bbox 492 1007 553 1044; x_wconf 88' lang='lat' dir='ltr'>voce</span> <span class='ocrx_word' id='word_1_64' title='bbox 563 990 701 1063; x_wconf 77' lang='lat' dir='ltr'>leguntur?</span> <span class='ocrx_word' id='word_1_65' title='bbox 835 1003 875 1046; x_wconf 82' lang='lat' dir='ltr'>ttu</span> 
     </span>
     <span class='ocr_line' id='line_1_12' title="bbox 95 1061 639 1138; baseline 0.002 -21"><span class='ocrx_word' id='word_1_66' title='bbox 95 1061 153 1117; x_wconf 87' lang='lat' dir='ltr'>Sed</span> <span class='ocrx_word' id='word_1_67' title='bbox 166 1061 437 1118; x_wconf 85' lang='lat' dir='ltr'>nuncdilatisaverte</span> <span class='ocrx_word' id='word_1_68' title='bbox 448 1065 639 1138; x_wconf 66' lang='lat' dir='ltr'>negotiatoris,</span> 
     </span>
    </p>

    <p class='ocr_par' dir='ltr' id='par_1_8' title="bbox 60 1136 699 1210">
     <span class='ocr_line' id='line_1_13' title="bbox 60 1136 699 1210; baseline 0.008 -20"><span class='ocrx_word' id='word_1_69' title='bbox 60 1144 85 1190; x_wconf 89' lang='lat' dir='ltr'>et</span> <span class='ocrx_word' id='word_1_70' title='bbox 94 1147 208 1210; x_wconf 80' lang='lat' dir='ltr'>gratam</span> <span class='ocrx_word' id='word_1_71' title='bbox 219 1137 337 1207; x_wconf 85' lang='lat' dir='ltr'>requiem</span> <span class='ocrx_word' id='word_1_72' title='bbox 347 1137 415 1192; x_wconf 90' lang='lat' dir='ltr'>dona</span> <span class='ocrx_word' id='word_1_73' title='bbox 427 1139 483 1199; x_wconf 81' lang='lat' dir='ltr'>tibi,</span> <span class='ocrx_word' id='word_1_74' title='bbox 495 1140 603 1210; x_wconf 89' lang='lat' dir='ltr'>quando</span> <span class='ocrx_word' id='word_1_75' title='bbox 613 1136 699 1197; x_wconf 82' lang='lat' dir='ltr'>licebit</span> 
     </span>
    </p>

    <p class='ocr_par' dir='ltr' id='par_1_9' title="bbox 59 1212 764 1281">
     <span class='ocr_line' id='line_1_14' title="bbox 59 1212 764 1281; baseline 0.004 -17"><span class='ocrx_word' id='word_1_76' title='bbox 59 1228 107 1281; x_wconf 88' lang='lat' dir='ltr'>per</span> <span class='ocrx_word' id='word_1_77' title='bbox 118 1221 208 1267; x_wconf 82' lang='lat' dir='ltr'>totam</span> <span class='ocrx_word' id='word_1_78' title='bbox 219 1212 406 1266; x_wconf 84' lang='lat' dir='ltr'>cessarediem.</span> <span class='ocrx_word' id='word_1_79' title='bbox 436 1213 668 1269; x_wconf 86' lang='lat' dir='ltr'>Nonlenorisulla</span> <span class='ocrx_word' id='word_1_80' title='bbox 762 1255 764 1260; x_wconf 88' lang='lat'><em>.</em></span> 
     </span>
    </p>

    <p class='ocr_par' dir='ltr' id='par_1_10' title="bbox 62 1287 673 1361">
     <span class='ocr_line' id='line_1_15' title="bbox 62 1287 673 1361; baseline 0.005 -23"><span class='ocrx_word' id='word_1_81' title='bbox 62 1288 178 1352; x_wconf 75' lang='lat' dir='ltr'>mentio,</span> <span class='ocrx_word' id='word_1_82' title='bbox 192 1304 249 1351; x_wconf 80' lang='lat' dir='ltr'>nec,</span> <span class='ocrx_word' id='word_1_83' title='bbox 261 1287 377 1358; x_wconf 88' lang='lat' dir='ltr'>primasi</span> <span class='ocrx_word' id='word_1_84' title='bbox 390 1287 446 1341; x_wconf 86' lang='lat' dir='ltr'>luce</span> <span class='ocrx_word' id='word_1_85' title='bbox 455 1305 568 1361; x_wconf 81' lang='lat' dir='ltr'>egressa,</span> <span class='ocrx_word' id='word_1_86' title='bbox 580 1288 673 1343; x_wconf 85' lang='lat' dir='ltr'>reverti</span> 
     </span>
    </p>

    <p class='ocr_par' dir='ltr' id='par_1_11' title="bbox 62 1361 873 1427">
     <span class='ocr_line' id='line_1_16' title="bbox 62 1361 873 1427; baseline 0.006 -14"><span class='ocrx_word' id='word_1_87' title='bbox 62 1371 140 1416; x_wconf 87' lang='lat' dir='ltr'>nocte</span> <span class='ocrx_word' id='word_1_88' title='bbox 149 1362 230 1425; x_wconf 82' lang='lat' dir='ltr'>solet,</span> <span class='ocrx_word' id='word_1_89' title='bbox 241 1362 318 1416; x_wconf 88' lang='lat' dir='ltr'>tacito</span> <span class='ocrx_word' id='word_1_90' title='bbox 328 1361 407 1416; x_wconf 91' lang='lat' dir='ltr'>bilem</span> <span class='ocrx_word' id='word_1_91' title='bbox 422 1362 471 1416; x_wconf 69' lang='lat' dir='ltr'>turi</span> <span class='ocrx_word' id='word_1_92' title='bbox 480 1363 616 1418; x_wconf 84' lang='lat' dir='ltr'>contrahat</span> <span class='ocrx_word' id='word_1_93' title='bbox 626 1379 701 1427; x_wconf 81' lang='lat' dir='ltr'>uxor,</span> <span class='ocrx_word' id='word_1_94' title='bbox 835 1375 873 1418; x_wconf 81' lang='lat'>185</span> 
     </span>
    </p>

    <p class='ocr_par' dir='ltr' id='par_1_12' title="bbox 62 1434 666 1513">
     <span class='ocr_line' id='line_1_17' title="bbox 62 1434 666 1513; baseline 0.005 -25"><span class='ocrx_word' id='word_1_95' title='bbox 62 1434 181 1492; x_wconf 84' lang='lat' dir='ltr'>humida</span> <span class='ocrx_word' id='word_1_96' title='bbox 194 1437 325 1509; x_wconf 84' lang='lat' dir='ltr'>suspectis</span> <span class='ocrx_word' id='word_1_97' title='bbox 333 1435 445 1491; x_wconf 76' lang='lat' dir='ltr'>reterens</span> <span class='ocrx_word' id='word_1_98' title='bbox 456 1437 572 1513; x_wconf 83' lang='lat' dir='ltr'>multicia</span> <span class='ocrx_word' id='word_1_99' title='bbox 583 1437 666 1510; x_wconf 82' lang='lat' dir='ltr'>rugis,</span> 
     </span>
    </p>

    <p class='ocr_par' dir='ltr' id='par_1_13' title="bbox 65 1510 793 1585">
     <span class='ocr_line' id='line_1_18' title="bbox 65 1510 793 1585; baseline 0.005 -23"><span class='ocrx_word' id='word_1_100' title='bbox 65 1522 233 1583; x_wconf 81' lang='lat' dir='ltr'>vexatasque</span> <span class='ocrx_word' id='word_1_101' title='bbox 242 1529 339 1569; x_wconf 77' lang='lat' dir='ltr'>comas,</span> <span class='ocrx_word' id='word_1_102' title='bbox 353 1520 380 1566; x_wconf 91' lang='lat' dir='ltr'>et</span> <span class='ocrx_word' id='word_1_103' title='bbox 389 1512 492 1566; x_wconf 91' lang='lat' dir='ltr'>vultum</span> <span class='ocrx_word' id='word_1_104' title='bbox 506 1529 650 1585; x_wconf 88' lang='lat' dir='ltr'>auremque</span> <span class='ocrx_word' id='word_1_105' title='bbox 659 1510 793 1566; x_wconf 86' lang='lat' dir='ltr'>calentem.</span> 
     </span>
    </p>

    <p class='ocr_par' dir='ltr' id='par_1_14' title="bbox 65 1585 796 1660">
     <span class='ocr_line' id='line_1_19' title="bbox 65 1585 796 1660; baseline 0.005 -20"><span class='ocrx_word' id='word_1_106' title='bbox 65 1585 200 1644; x_wconf 74' lang='lat' dir='ltr'>Pantanus</span> <span class='ocrx_word' id='word_1_107' title='bbox 209 1594 269 1643; x_wconf 83' lang='lat' dir='ltr'>ante</span> <span class='ocrx_word' id='word_1_108' title='bbox 278 1604 383 1652; x_wconf 53' lang='lat' dir='ltr'>nieump</span> <span class='ocrx_word' id='word_1_109' title='bbox 391 1588 523 1660; x_wconf 92' lang='lat' dir='ltr'>quidquid</span> <span class='ocrx_word' id='word_1_110' title='bbox 532 1587 611 1653; x_wconf 86' lang='lat' dir='ltr'>dolet,</span> <span class='ocrx_word' id='word_1_111' title='bbox 623 1604 690 1643; x_wconf 85' lang='lat' dir='ltr'>exue</span> <span class='ocrx_word' id='word_1_112' title='bbox 701 1586 796 1644; x_wconf 88' lang='lat' dir='ltr'>limen:</span> 
     </span>
    </p>

    <p class='ocr_par' dir='ltr' id='par_1_15' title="bbox 64 1661 764 1735">
     <span class='ocr_line' id='line_1_20' title="bbox 64 1661 764 1735; baseline 0 -18"><span class='ocrx_word' id='word_1_113' title='bbox 64 1677 134 1731; x_wconf 81' lang='lat' dir='ltr'>poue</span> <span class='ocrx_word' id='word_1_114' title='bbox 143 1666 268 1726; x_wconf 88' lang='lat' dir='ltr'>domum,</span> <span class='ocrx_word' id='word_1_115' title='bbox 284 1679 383 1724; x_wconf 81' lang='lat' dir='ltr'>servos,</span> <span class='ocrx_word' id='word_1_116' title='bbox 394 1671 420 1716; x_wconf 83' lang='lat' dir='ltr'>et</span> <span class='ocrx_word' id='word_1_117' title='bbox 429 1663 561 1735; x_wconf 88' lang='lat' dir='ltr'>quidquid</span> <span class='ocrx_word' id='word_1_118' title='bbox 572 1662 701 1735; x_wconf 79' lang='lat' dir='ltr'>frangitur</span> <span class='ocrx_word' id='word_1_119' title='bbox 710 1661 764 1717; x_wconf 80' lang='lat' dir='ltr'>illia</span> 
     </span>
    </p>

    <p class='ocr_par' dir='ltr' id='par_1_16' title="bbox 66 1736 874 1811">
     <span class='ocr_line' id='line_1_21' title="bbox 66 1736 874 1811; baseline 0.004 -23"><span class='ocrx_word' id='word_1_120' title='bbox 66 1740 206 1809; x_wconf 79' lang='lat' dir='ltr'>autperit3</span> <span class='ocrx_word' id='word_1_121' title='bbox 229 1738 345 1811; x_wconf 83' lang='lat' dir='ltr'>ingratos</span> <span class='ocrx_word' id='word_1_122' title='bbox 355 1745 414 1792; x_wconf 91' lang='lat' dir='ltr'>aute</span> <span class='ocrx_word' id='word_1_123' title='bbox 423 1738 511 1792; x_wconf 87' lang='lat' dir='ltr'>omnia</span> <span class='ocrx_word' id='word_1_124' title='bbox 522 1751 590 1809; x_wconf 72' lang='lat' dir='ltr'>prone</span> <span class='ocrx_word' id='word_1_125' title='bbox 599 1736 709 1791; x_wconf 83' lang='lat' dir='ltr'>sodales.</span> <span class='ocrx_word' id='word_1_126' title='bbox 834 1747 874 1791; x_wconf 82' lang='lat' dir='ltr'>tut</span> 
     </span>
    </p>

    <p class='ocr_par' dir='ltr' id='par_1_17' title="bbox 18 1809 848 1886">
     <span class='ocr_line' id='line_1_22' title="bbox 18 1809 848 1886; baseline 0.001 -21"><span class='ocrx_word' id='word_1_127' title='bbox 18 1877 19 1880; x_wconf 8' lang='grc' dir='ltr'><strong>Ἴ</strong></span> <span class='ocrx_word' id='word_1_128' title='bbox 102 1813 209 1868; x_wconf 85' lang='lat' dir='ltr'>luterea</span> <span class='ocrx_word' id='word_1_129' title='bbox 219 1813 402 1886; x_wconf 79' lang='lat' dir='ltr'>Megalesiacae</span> <span class='ocrx_word' id='word_1_130' title='bbox 412 1814 557 1884; x_wconf 86' lang='lat' dir='ltr'>spectacula</span> <span class='ocrx_word' id='word_1_131' title='bbox 572 1829 682 1884; x_wconf 81' lang='lat' dir='ltr'>mappae</span> <span class='ocrx_word' id='word_1_132' title='bbox 844 1809 848 1814; x_wconf 50' lang='lat'><em>⁴</em></span> 
     </span>
    </p>

    <p class='ocr_par' dir='ltr' id='par_1_18' title="bbox 66 1884 708 1960">
     <span class='ocr_line' id='line_1_23' title="bbox 66 1884 708 1960; baseline 0.008 -24"><span class='ocrx_word' id='word_1_133' title='bbox 66 1884 176 1960; x_wconf 85' lang='lat' dir='ltr'>idaeum</span> <span class='ocrx_word' id='word_1_134' title='bbox 189 1887 297 1942; x_wconf 86' lang='lat' dir='ltr'>solenne</span> <span class='ocrx_word' id='word_1_135' title='bbox 305 1886 402 1951; x_wconf 82' lang='lat' dir='ltr'>colunt,</span> <span class='ocrx_word' id='word_1_136' title='bbox 415 1887 564 1960; x_wconf 88' lang='lat' dir='ltr'>similisque</span> <span class='ocrx_word' id='word_1_137' title='bbox 573 1887 708 1958; x_wconf 88' lang='lat' dir='ltr'>triumpho</span> 
     </span>
    </p>

    <p class='ocr_par' dir='ltr' id='par_1_19' title="bbox 68 1961 749 2032">
     <span class='ocr_line' id='line_1_24' title="bbox 68 1961 749 2032; baseline 0.003 -20"><span class='ocrx_word' id='word_1_138' title='bbox 68 1963 165 2029; x_wconf 84' lang='lat' dir='ltr'>praeda</span> <span class='ocrx_word' id='word_1_139' title='bbox 177 1961 337 2019; x_wconf 86' lang='lat' dir='ltr'>caballorum</span> <span class='ocrx_word' id='word_1_140' title='bbox 350 1964 451 2016; x_wconf 84' lang='lat' dir='ltr'>Praetor</span> <span class='ocrx_word' id='word_1_141' title='bbox 461 1962 542 2026; x_wconf 81' lang='lat' dir='ltr'>sedet,</span> <span class='ocrx_word' id='word_1_142' title='bbox 554 1978 592 2026; x_wconf 87' lang='lat' dir='ltr'>ac,</span> <span class='ocrx_word' id='word_1_143' title='bbox 606 1962 672 2015; x_wconf 82' lang='lat' dir='ltr'>milti</span> <span class='ocrx_word' id='word_1_144' title='bbox 685 1977 749 2032; x_wconf 84' lang='lat' dir='ltr'>pace</span> 
     </span>
    </p>

    <p class='ocr_par' dir='ltr' id='par_1_20' title="bbox 68 2034 674 2109">
     <span class='ocr_line' id='line_1_25' title="bbox 68 2034 674 2109; baseline -0.002 -20"><span class='ocrx_word' id='word_1_145' title='bbox 68 2034 216 2092; x_wconf 81' lang='lat' dir='ltr'>immensae</span> <span class='ocrx_word' id='word_1_146' title='bbox 226 2036 375 2109; x_wconf 81' lang='lat' dir='ltr'>nimiaeque</span> <span class='ocrx_word' id='word_1_147' title='bbox 386 2035 443 2091; x_wconf 90' lang='lat' dir='ltr'>licet</span> <span class='ocrx_word' id='word_1_148' title='bbox 452 2037 474 2090; x_wconf 89' lang='lat' dir='ltr'>si</span> <span class='ocrx_word' id='word_1_149' title='bbox 485 2036 570 2090; x_wconf 84' lang='lat' dir='ltr'>dicere</span> <span class='ocrx_word' id='word_1_150' title='bbox 580 2035 674 2108; x_wconf 78' lang='lat' dir='ltr'>plebis,</span> 
     </span>
    </p>

    <p class='ocr_par' dir='ltr' id='par_1_21' title="bbox 70 2109 872 2184">
     <span class='ocr_line' id='line_1_26' title="bbox 70 2109 872 2184; baseline 0.004 -23"><span class='ocrx_word' id='word_1_151' title='bbox 70 2115 149 2166; x_wconf 86' lang='lat' dir='ltr'>totam</span> <span class='ocrx_word' id='word_1_152' title='bbox 160 2110 238 2166; x_wconf 87' lang='lat' dir='ltr'>hodie</span> <span class='ocrx_word' id='word_1_153' title='bbox 249 2112 358 2165; x_wconf 86' lang='lat' dir='ltr'>Romam</span> <span class='ocrx_word' id='word_1_154' title='bbox 371 2111 456 2167; x_wconf 85' lang='lat' dir='ltr'>circus</span> <span class='ocrx_word' id='word_1_155' title='bbox 468 2111 546 2183; x_wconf 87' lang='lat' dir='ltr'>capit,</span> <span class='ocrx_word' id='word_1_156' title='bbox 562 2118 587 2164; x_wconf 84' lang='lat' dir='ltr'>et</span> <span class='ocrx_word' id='word_1_157' title='bbox 598 2109 684 2183; x_wconf 77' lang='lat' dir='ltr'>fragor</span> <span class='ocrx_word' id='word_1_158' title='bbox 692 2123 782 2164; x_wconf 86' lang='lat' dir='ltr'>aurem</span> <span class='ocrx_word' id='word_1_159' title='bbox 796 2179 799 2184; x_wconf 10' lang='lat' dir='ltr'>y</span> <span class='ocrx_word' id='word_1_160' title='bbox 833 2120 872 2164; x_wconf 74' lang='lat' dir='ltr'>tta</span> 
     </span>
    </p>

    <p class='ocr_par' dir='ltr' id='par_1_22' title="bbox 69 2185 698 2258">
     <span class='ocr_line' id='line_1_27' title="bbox 69 2185 698 2258; baseline 0.002 -21"><span class='ocrx_word' id='word_1_161' title='bbox 69 2187 192 2252; x_wconf 86' lang='lat' dir='ltr'>percutit,</span> <span class='ocrx_word' id='word_1_162' title='bbox 203 2195 327 2240; x_wconf 85' lang='lat' dir='ltr'>eventum</span> <span class='ocrx_word' id='word_1_163' title='bbox 337 2186 430 2242; x_wconf 84' lang='lat' dir='ltr'>viridis</span> <span class='ocrx_word' id='word_1_164' title='bbox 440 2203 493 2258; x_wconf 93' lang='lat' dir='ltr'>quo</span> <span class='ocrx_word' id='word_1_165' title='bbox 502 2185 597 2258; x_wconf 83' lang='lat' dir='ltr'>colligo</span> <span class='ocrx_word' id='word_1_166' title='bbox 606 2185 698 2256; x_wconf 86' lang='lat' dir='ltr'>panni.</span> 
     </span>
    </p>

    <p class='ocr_par' dir='ltr' id='par_1_23' title="bbox 70 2257 760 2331">
     <span class='ocr_line' id='line_1_28' title="bbox 70 2257 760 2331; baseline 0.006 -22"><span class='ocrx_word' id='word_1_167' title='bbox 70 2259 137 2314; x_wconf 85' lang='lat' dir='ltr'>Nam</span> <span class='ocrx_word' id='word_1_168' title='bbox 147 2262 171 2315; x_wconf 81' lang='lat' dir='ltr'>si</span> <span class='ocrx_word' id='word_1_169' title='bbox 181 2261 310 2324; x_wconf 79' lang='lat' dir='ltr'>deiiceret,</span> <span class='ocrx_word' id='word_1_170' title='bbox 322 2269 448 2315; x_wconf 84' lang='lat' dir='ltr'>moestam</span> <span class='ocrx_word' id='word_1_171' title='bbox 459 2260 648 2331; x_wconf 82' lang='lat' dir='ltr'>attonitamque</span> <span class='ocrx_word' id='word_1_172' title='bbox 658 2257 760 2313; x_wconf 85' lang='lat' dir='ltr'>videres</span> 
     </span>
    </p>

    <p class='ocr_par' dir='ltr' id='par_1_24' title="bbox 70 2330 779 2406">
     <span class='ocr_line' id='line_1_29' title="bbox 70 2330 779 2406; baseline 0.011 -22"><span class='ocrx_word' id='word_1_173' title='bbox 70 2330 140 2389; x_wconf 88' lang='lat' dir='ltr'>hanc</span> <span class='ocrx_word' id='word_1_174' title='bbox 150 2335 253 2401; x_wconf 82' lang='lat' dir='ltr'>urbem,</span> <span class='ocrx_word' id='word_1_175' title='bbox 265 2335 346 2390; x_wconf 87' lang='lat' dir='ltr'>veluti</span> <span class='ocrx_word' id='word_1_176' title='bbox 356 2336 508 2390; x_wconf 88' lang='lat' dir='ltr'>Cannarum</span> <span class='ocrx_word' id='word_1_177' title='bbox 520 2334 628 2406; x_wconf 86' lang='lat' dir='ltr'>pulvere</span> <span class='ocrx_word' id='word_1_178' title='bbox 638 2334 714 2389; x_wconf 87' lang='lat' dir='ltr'>victis</span> <span class='ocrx_word' id='word_1_179' title='bbox 777 2389 779 2392; x_wconf 79' lang='grc'>,</span> 
     </span>
    </p>

    <p class='ocr_par' dir='ltr' id='par_1_25' title="bbox 69 2407 818 2481">
     <span class='ocr_line' id='line_1_30' title="bbox 69 2407 818 2481; baseline 0.004 -20"><span class='ocrx_word' id='word_1_180' title='bbox 69 2411 233 2464; x_wconf 79' lang='lat' dir='ltr'>corisulibus.</span> <span class='ocrx_word' id='word_1_181' title='bbox 258 2409 378 2481; x_wconf 77' lang='lat' dir='ltr'>Spectant</span> <span class='ocrx_word' id='word_1_182' title='bbox 388 2411 580 2481; x_wconf 58' lang='lat' dir='ltr'>iuvmeaqnos</span> <span class='ocrx_word' id='word_1_183' title='bbox 590 2408 721 2463; x_wconf 84' lang='lat' dir='ltr'>clamoret</span> <span class='ocrx_word' id='word_1_184' title='bbox 731 2407 818 2464; x_wconf 87' lang='lat' dir='ltr'>audax</span> 
     </span>
    </p>

    <p class='ocr_par' dir='ltr' id='par_1_26' title="bbox 71 2483 872 2558">
     <span class='ocr_line' id='line_1_31' title="bbox 71 2483 872 2558; baseline -0.004 -19"><span class='ocrx_word' id='word_1_185' title='bbox 71 2486 187 2552; x_wconf 73' lang='lat' dir='ltr'>sponsio,</span> <span class='ocrx_word' id='word_1_186' title='bbox 202 2502 270 2558; x_wconf 90' lang='lat' dir='ltr'>quos</span> <span class='ocrx_word' id='word_1_187' title='bbox 279 2485 364 2539; x_wconf 89' lang='lat' dir='ltr'>cultae</span> <span class='ocrx_word' id='word_1_188' title='bbox 374 2484 446 2539; x_wconf 88' lang='lat' dir='ltr'>decet</span> <span class='ocrx_word' id='word_1_189' title='bbox 455 2484 588 2540; x_wconf 87' lang='lat' dir='ltr'>adsedisse</span> <span class='ocrx_word' id='word_1_190' title='bbox 596 2483 711 2556; x_wconf 62' lang='lat' dir='ltr'>puellam</span> <span class='ocrx_word' id='word_1_191' title='bbox 774 2545 782 2552; x_wconf 72' lang='lat'><em>,</em></span> <span class='ocrx_word' id='word_1_192' title='bbox 832 2491 872 2536; x_wconf 77' lang='lat' dir='ltr'>tut</span> 
     </span>
    </p>

    <p class='ocr_par' dir='ltr' id='par_1_27' title="bbox 72 2559 702 2631">
     <span class='ocr_line' id='line_1_32' title="bbox 72 2559 702 2631; baseline -0.002 -17"><span class='ocrx_word' id='word_1_193' title='bbox 72 2567 189 2625; x_wconf 79' lang='lat' dir='ltr'>spectent</span> <span class='ocrx_word' id='word_1_194' title='bbox 198 2559 248 2613; x_wconf 89' lang='lat' dir='ltr'>hoc</span> <span class='ocrx_word' id='word_1_195' title='bbox 261 2569 357 2631; x_wconf 88' lang='lat' dir='ltr'>nuptae</span> <span class='ocrx_word' id='word_1_196' title='bbox 367 2559 439 2614; x_wconf 89' lang='lat' dir='ltr'>iuxta</span> <span class='ocrx_word' id='word_1_197' title='bbox 451 2560 591 2615; x_wconf 79' lang='lat' dir='ltr'>recubante</span> <span class='ocrx_word' id='word_1_198' title='bbox 601 2560 702 2623; x_wconf 82' lang='lat' dir='ltr'>marito,</span> 
     </span>
    </p>

    <p class='ocr_par' dir='ltr' id='par_1_28' title="bbox 72 2631 784 2706">
     <span class='ocr_line' id='line_1_33' title="bbox 72 2631 784 2706; baseline 0 -21"><span class='ocrx_word' id='word_1_199' title='bbox 72 2633 143 2699; x_wconf 85' lang='lat' dir='ltr'>quod</span> <span class='ocrx_word' id='word_1_200' title='bbox 155 2634 251 2706; x_wconf 83' lang='lat' dir='ltr'>pudeat</span> <span class='ocrx_word' id='word_1_201' title='bbox 261 2651 380 2690; x_wconf 81' lang='lat' dir='ltr'>narrasse</span> <span class='ocrx_word' id='word_1_202' title='bbox 390 2631 505 2704; x_wconf 82' lang='lat' dir='ltr'>aliquem</span> <span class='ocrx_word' id='word_1_203' title='bbox 517 2634 698 2706; x_wconf 85' lang='lat' dir='ltr'>praesentibus</span> <span class='ocrx_word' id='word_1_204' title='bbox 709 2632 784 2704; x_wconf 85' lang='lat' dir='ltr'>ipsis.</span> 
     </span>
    </p>

    <p class='ocr_par' dir='ltr' id='par_1_29' title="bbox 72 2703 790 2782">
     <span class='ocr_line' id='line_1_34' title="bbox 72 2703 790 2782; baseline 0.003 -22"><span class='ocrx_word' id='word_1_205' title='bbox 72 2703 164 2762; x_wconf 79' lang='lat' dir='ltr'>Nostra</span> <span class='ocrx_word' id='word_1_206' title='bbox 174 2708 253 2782; x_wconf 74' lang='lat' dir='ltr'>bibat</span> <span class='ocrx_word' id='word_1_207' title='bbox 257 2726 368 2764; x_wconf 85' lang='lat' dir='ltr'>vernum</span> <span class='ocrx_word' id='word_1_208' title='bbox 379 2716 508 2764; x_wconf 85' lang='lat' dir='ltr'>contracta</span> <span class='ocrx_word' id='word_1_209' title='bbox 518 2708 630 2763; x_wconf 89' lang='lat' dir='ltr'>cuticula</span> <span class='ocrx_word' id='word_1_210' title='bbox 640 2705 722 2763; x_wconf 85' lang='lat' dir='ltr'>solem</span> <span class='ocrx_word' id='word_1_211' title='bbox 788 2716 790 2720; x_wconf 80' lang='grc'><strong>’</strong></span> 
     </span>
    </p>
   </div>
   <div class='ocr_carea' id='block_1_5' title="bbox 0 0 1155 3250">
    <p class='ocr_par' dir='ltr' id='par_1_30' title="bbox 0 0 1155 3250">
     <span class='ocr_line' id='line_1_35' title="bbox 0 0 1155 3250; baseline 0 0"><span class='ocrx_word' id='word_1_212' title='bbox 0 0 1155 3250; x_wconf 95' lang='lat' dir='ltr'> </span> 
     </span>
    </p>
   </div>
  </div>
 </body>
</html>
