2250 3250
269 163 301 217 36
534 170 744 215 Iuvuuams
803 180 810 198 ·

235 338 242 347 x
268 287 390 343 quaeque
399 267 510 324 salutate
518 270 626 342 crepitat
635 269 778 324 Coneordia
788 269 861 325 nido.

305 345 452 417 Sedquum
462 336 589 399 summus'
596 345 680 399 honor
690 344 764 399 finite
773 353 907 417 eomputet
916 366 1007 416 anno,

267 420 386 491 sportula
398 419 464 491 quid
476 418 576 483 referat,
588 421 876 491 quantumrationibus
886 422 986 490 addat;

268 495 335 566 quid
344 493 439 551 facient
448 493 565 558 tramites,
577 494 678 565 quibus
687 493 751 549 hine
760 502 829 567 toga,
841 495 944 551 caleeus
956 498 1036 555 hino

213 654 252 697 12⁰
267 651 292 698 et
301 643 378 715 panis
385 641 531 713 fumusque
540 636 632 697 dolui?
648 576 926 700 Deelts'issimacentum

267 718 427 790 quadrantes
437 716 525 772 lectica
536 718 609 788 petit,
622 720 796 790 sequiturque
805 721 931 776 maritum
1000 774 1034 783 „

267 793 394 867 languida
403 793 444 847 vel
457 810 605 866 praegnans
615 800 640 846 et
648 793 854 848 circumducitur
863 813 935 851 uxor,
1026 861 1030 867 ,
1122 868 1123 873 ¹

266 869 314 922 Hic
322 869 387 939 petit
398 868 509 932 absenti,
521 875 583 922 nota
593 867 646 921 iam
655 867 767 923 ‹allidus
777 877 840 934 arte,

267 943 407 998 ostendens
418 960 529 999 vacuam
539 949 565 996 et
574 942 690 997 clausam
702 960 751 1016 pro
763 944 875 1015 eoniuge
883 943 993 1001 sellam.

213 1027 251 1071 125
268 1018 468 1082 Gallameaeet,
480 1017 575 1088 inquit.
608 1018 690 1072 Citius
701 1023 811 1073 dimitte.
831 1019 1028 1074 Morarie?-
1122 1050 1123 1095 j

266 1090 480 1157 »Proier‚.Galla‚
493 1099 599 1162 caput«
608 1122 647 1134 -
656 1093 718 1146 Noli
727 1111 833 1157 vexare,
847 1099 970 1163 quiescit.

303 1168 362 1238 lpse
371 1166 428 1221 dies
438 1167 531 1238 pulcro
541 1167 715 1240 distinguitur
723 1167 815 1221 ordine
825 1185 927 1222 rerum:

266 1240 392 1314 sportula,
403 1240 499 1296 deinde
508 1241 594 1296 lorum
606 1241 725 1313 iurisque
733 1242 834 1313 peritus
843 1241 947 1314 Apollo,

177 1321 183 1332 '
266 1325 345 1389 atque
354 1306 537 1390 triumphales,
551 1317 618 1371 inter
629 1333 696 1388 quas
706 1334 788 1371 ausus
797 1317 895 1372 habere

211 1402 250 1445 131
265 1393 353 1447 neseio
363 1393 425 1465 quis
435 1391 525 1448 titulos
534 1391 682 1466 Aegyptius
691 1399 770 1463 atque
779 1391 949 1458 Arabarches,
974 1456 979 1462 ¹

264 1468 342 1522 euius
351 1467 385 1521 ad
395 1467 510 1539 effigiem
521 1484 574 1521 non
583 1473 686 1521 tantum
695 1468 791 1521 meiere
801 1466 841 1522 sas
853 1475 900 1522 est.

265 1539 408 1599 Vestibulis
418 1541 517 1595 abeunt
525 1547 625 1596 veteres
635 1540 752 1612 lassique
760 1541 867 1596 clientes

265 1622 378 1688 votaque
387 1614 531 1688 deponunt.
543 1632 708 1688 quamquam
717 1615 873 1689 longissima
885 1633 983 1672 coenae

265 1709 327 1765 spes
336 1691 445 1747 homini.
483 1690 578 1747 Caules
588 1690 693 1746 miseris
703 1698 782 1763 atque
792 1693 862 1764 ignis
871 1692 1016 1751 emendus.
1122 1741 1123 1772 3

211 1777 249 1821 135
264 1767 370 1838 Optima
379 1765 508 1820 silvarum
518 1765 616 1819 interea
625 1764 765 1838 pelagique
776 1767 880 1821 vorabit

264 1859 312 1896 rex
321 1840 427 1904 horum,
440 1840 585 1912 vacuisque
594 1841 658 1893 toris
669 1847 771 1894 tantum
782 1840 839 1913 ipse
849 1842 949 1897 iacebit.

264 1911 333 1970 Nam
342 1915 376 1970 de
385 1921 422 1969 tot
430 1912 530 1986 pulcris
539 1921 565 1969 et
575 1913 635 1969 latis
644 1915 754 1970 orbibus
763 1923 788 1970 et
797 1923 851 1971 tam

265 1990 382 2061 antiquis
391 2004 446 2044 una
454 1988 597 2044 comedunt
606 1990 763 2062 patrimonia
773 2008 875 2046 mensa.

264 2064 362 2120 Nullus
373 2065 425 2119 iam
435 2066 567 2136 parasitus
577 2065 640 2119 erit!
661 2064 713 2120 Sed
723 2066 785 2137 quis
795 2064 860 2120 ierat
868 2067 930 2121 istas

109 2197 112 2202 ,
210 2146 249 2194 111
264 2139 386 2196 luxuriae
394 2136 504 2194 sordes?
522 2138 626 2206 Quanta
636 2154 675 2195 est
683 2139 756 2213 gula,
768 2158 838 2211 quae
846 2141 899 2196 sihi
908 2149 975 2197 totos

263 2215 338 2286 ponit
349 2227 435 2286 apros,
447 2214 545 2269 animal
555 2223 661 2287 propter
670 2216 790 2271 convivia
800 2217 907 2271 natuml

264 2291 349 2345 Poena
359 2296 446 2344 tamen
455 2306 590 2361 praesens,
603 2308 689 2363 quum
696 2298 726 2345 tu
734 2290 846 2362 deponis
855 2291 982 2347 amictum

263 2365 395 2437 turgidus,
407 2371 433 2419 et
442 2364 557 2419 crudum
566 2382 697 2437 pavonem
707 2366 735 2420 in
745 2364 839 2421 balnea
848 2373 947 2437 portas,

150 2505 161 2518 ⁶
263 2440 331 2495 Hinc
339 2439 442 2494 subitae
451 2448 548 2495 mortes
559 2449 638 2513 atque
648 2440 767 2496 intestata
775 2448 907 2496 senectus.

210 2520 249 2568 145
264 2516 286 2570 It
295 2531 362 2570 nova
374 2531 422 2569 nec
432 2515 514 2569 tristis
523 2523 686 2586 percunctas
695 2514 785 2571 sabula
794 2533 901 2572 coenas:

264 2591 369 2645 ducitur
378 2589 451 2644 iratis
460 2590 642 2661 plaudendum
652 2590 734 2646 sunus
744 2592 843 2647 amieis.

300 2664 343 2719 Nil
354 2664 402 2720 erit
410 2663 531 2732 ulterius,
547 2666 620 2739 quod
630 2667 727 2721 nostris
738 2667 858 2724 moribus
868 2666 947 2723 addat
