2250 3250
256 218 259 223 ,
287 146 320 198 88
546 148 759 197 ruuunnnra

287 251 495 323 conspuiturque
506 251 592 306 sinus.
624 250 733 314 Verum,
751 247 913 320 deprendere
923 266 1051 305 messem

287 323 392 391 silibet,
404 325 467 379 hino
476 332 582 381 eentum
592 323 748 396 patrimonia
757 322 965 390 causidioorum,

288 407 361 472 parte
370 397 421 454 alia
431 398 518 454 solum
528 400 625 455 natanti
635 415 703 471 pone
711 399 842 454 Laoertao.

235 484 274 527 115
289 473 436 530 Consedere
444 475 542 528 Duoea:
563 474 692 547 surgistu
702 470 818 545 pallidus
828 472 905 536 Aiax,

233 578 243 589 ·
288 549 409 603 dicturus
421 547 502 602 dubia
512 564 560 619 pro
568 546 694 613 libertale,
708 546 826 605 bubulco

290 622 388 677 iudioa.
417 622 521 693 Rumpe
530 623 724 678 misertensum
734 621 816 687 ieeur,
825 627 859 676 ut
867 621 916 676 tibi
927 619 1003 676 lasso

291 696 406 770 figantur
415 695 522 761 virides,
534 696 665 752 scalarum
674 693 766 769 gloria,
781 693 895 773 pulnrae.
949 730 954 737 -

290 769 367 837 Quod
375 771 447 826 vooia
456 769 590 841 pretium?
607 770 697 826 Siooua
707 769 931 842 petasunculuset
941 786 991 824 vas

236 855 275 899 1111
290 844 471 919 pelamydum,
483 853 529 901 aut
541 851 649 910 veteres.
661 843 785 899 Afrorum
794 844 935 916 epimenia,
951 843 1042 909 bulbi,

291 927 336 974 ant
346 920 440 974 vinum
450 920 537 975 Tiberi
546 919 693 984 devectum,
704 918 826 992 quinque
839 917 958 992 lagenae,

190 1036 193 1041 .
290 994 318 1049 Si
328 1001 420 1064 quater
428 992 514 1067 egisti,
525 994 550 1047 si
561 993 671 1067 contigit
679 1010 775 1048 aureus
784 1009 867 1058 unna,

290 1066 353 1122 inde
361 1066 459 1121 oadunt
471 1075 556 1138 partae
566 1084 600 1122 ox
609 1064 710 1123 foedere
719 1067 952 1141 pragmatioornm.

291 1139 402 1195 Aemilio
410 1139 524 1206 dabitur,
536 1147 667 1213 quantum
680 1140 748 1206 lioet.
759 1140 949 1197 etmeliuanos

237 1224 275 1268 111
289 1216 408 1289 egimus:
429 1215 510 1289 liniue
520 1216 591 1271 enirn
602 1223 652 1271 atat
661 1232 754 1271 currus
764 1217 871 1280 eduens,
882 1215 927 1271 alti

290 1289 462 1363 quadriiuges
471 1290 499 1345 in
511 1287 658 1354 vestibulis,
669 1298 748 1362 alqtn
757 1291 814 1362 ipae'
822 1288 903 1347 feroci

291 1362 415 1420 bellatore
423 1362 526 1428 sedens,
537 1371 676 1420 curvatum
686 1362 780 1419 hastile
790 1365 908 1420 minatur
953 1402 956 1407 -

291 1438 405 1503 eminus,
416 1446 532 1494 etstntna
542 1439 684 1494 meditatur
693 1438 791 1511 proeiia
801 1436 882 1494 lusca.
911 1448 917 1453 “

291 1513 334 1567 Sic
343 1513 412 1566 Pedo
421 1513 568 1576 conturbat,
580 1512 669 1567 Matho
676 1513 776 1568 delinit:
796 1510 987 1569 exitna'hioaet

239 1595 278 1641 tto
292 1583 415 1660 Tongilii,
426 1602 524 1661 magno
532 1602 595 1643 oum
604 1584 766 1645 rhinocerote
774 1587 858 1644 lauari

291 1659 339 1734 qui
349 1658 421 1716 solet.
434 1669 459 1716 et
469 1671 546 1718 vexat
556 1660 683 1719 lutulento
693 1662 786 1720 balnea
791 1663 882 1728 turba,

291 1751 391 1807 perque
399 1735 485 1791 iorum
495 1739 604 1793 iuvenes
612 1736 692 1811 longo
703 1738 800 1809 premit
810 1754 906 1801 assere,
915 1736 1006 1793 lindos

291 1816 411 1863 amturus
420 1825 523 1879 pueros,
534 1818 681 1884 argentum,
693 1809 840 1877 murrhina,
851 1809 943 1880 villae..

292 1881 411 1954 Spondet
420 1883 492 1937 eninr
502 1883 703 1957 Tyrioatlataria
713 1896 831 1959 purpura
844 1886 897 1941 filo.

238 1966 277 2010 135
291 1956 325 2012 Et
336 1963 424 2013 tamen
434 1958 483 2013 hoc
492 1957 558 2030 ipsis
569 1967 608 2015 est
617 1959 695 2015 utile:
716 1976 834 2033 purpura
843 1953 935 2016 vendit
1030 1962 1036 1972 '

208 2079 222 2108 ⁸
255 2093 260 2100 ‚
291 2031 793 2163 ffuffidisslm}{efflant-amethystina³
813 2031 1006 2098 eonvenitrilia,

290 2122 305 2160 e
324 2123 377 2161 are
396 2126 403 2160 r
443 2123 458 2163 e
488 2123 757 2168 euremarorravrvene
765 2126 872 2165 consus.

291 2124 430 2235 Sodfirllem
442 2183 575 2255 impensae
586 2169 639 2239 non
648 2191 734 2240 servat
742 2185 852 2259 prodiga
862 2181 957 2239 Roma.
1033 2179 1039 2184 ’

293 2255 326 2309 Ut
336 2253 441 2311 redeant
450 2265 562 2314 veteres:
585 2257 927 2315 Cioeroninemoducentos

240 2334 279 2384 ltu
295 2345 367 2384 nunc
376 2328 476 2387 dederit
484 2349 591 2396 numos,
603 2333 655 2388 nisi
664 2331 766 2388 fulserit
774 2332 891 2390 annulus
902 2333 1005 2406 ingena

293 2404 407 2476 Respicit
416 2405 466 2461 hoc
478 2407 663 2479 primum,qui
672 2407 766 2482 litigat,
777 2426 812 2464 an
822 2407 870 2462 tihi
880 2407 951 2463 nervi

292 2486 357 2544 noto,
370 2480 458 2535 decern
468 2482 586 2547 comites,
597 2489 658 2553 post
666 2489 691 2537 te
699 2500 732 2538 an
742 2480 859 2544 eitsello,
869 2483 952 2556 togati

295 2561 354 2609 ante
362 2555 452 2627 pedes.
484 2554 544 2610 {deo
553 2555 681 2612 conducta
691 2555 789 2612 Paulus
798 2556 891 2631 agebat

293 2628 463 2708 sardonyche,
471 2636 550 2704 atque
559 2630 618 2686 rdeo
626 2630 721 2704 pluris,
732 2635 813 2706 quam
819 2630 928 2700 Cossus,
936 2630 1030 2710 egebat
