2250 3250
339 212 481 260 aarum
498 198 569 259 rim.
779 209 827 262 lau
921 244 925 248 -

77 310 358 386 Tuquamvislevium
368 312 508 367 minimam
516 312 832 385 exiguamquemelorum

77 386 237 462 particulam
246 386 294 442 vix
303 386 368 441 ferre
378 395 461 458 poles,
472 387 660 459 spumantibus
670 387 764 443 ardeus

74 462 237 526 uisceribus,
248 479 353 519 sacrum
363 461 411 517 tibi
421 462 493 533 quod
503 478 556 516 non
566 461 657 517 reddat
668 463 769 517 amicus
858 475 882 517 15

18 578 25 591 ‚
77 539 241 611 depositum.
263 536 355 607 Stupet
364 537 435 600 baec,
448 537 495 609 qui
508 537 560 591 iam
572 543 712 611 postterga
722 537 829 610 reliquit

78 612 217 685 sexaginta
227 627 319 674 anuos,
331 611 439 665 Fonteio
449 611 563 666 Consule
572 609 670 665 natus?
924 628 928 636 ⁴

80 690 120 742 Au
132 685 201 742 nibil
213 686 239 740 iu
250 685 347 740 melius
359 692 396 739 tot
405 702 493 739 rerum
507 685 612 756 proficis
622 684 693 740 usu‘l

79 764 177 835 Magna
186 760 305 832 quidem,
317 759 400 813 sacris
411 776 480 830 quae
488 759 533 814 dal
541 767 678 832 praecepta
688 759 786 816 libellis

81 836 178 891 victrix
188 835 319 889 Fortunae
327 835 464 905 sapientia.
493 835 611 888 Dicimus
622 844 708 895 autem
858 845 884 887 20

16 934 18 941 >
81 911 130 966 bos
139 923 248 983 quoque
256 906 354 973 felices,
366 909 414 980 qui
423 908 490 962 ferre
499 908 665 963 incommoda
674 909 753 974 vilae,

81 1003 129 1041 uec
140 985 235 1039 iactare
243 983 349 1056 iugum,
361 983 416 1057 vita
425 982 539 1038 didicere
547 983 684 1055 magistra.

82 1061 154 1126 Quae
165 1067 219 1112 tam
229 1057 292 1113 lesla
302 1057 368 1123 dias,
379 1065 409 1112 ut
418 1065 500 1112 oesset
509 1057 618 1128 prodere
626 1056 721 1121 luram,
789 1053 796 1061 ’

82 1133 230 1207 perfidiam,
244 1131 349 1188 fraudes
359 1139 438 1204 alque
446 1133 520 1186 omui
530 1150 563 1186 er
572 1133 683 1186 crimine
693 1131 796 1187 luorum

81 1208 243 1282 quaesitum,
254 1214 279 1262 el
287 1215 375 1278 partos
383 1205 472 1279 gladio
481 1205 522 1262 vel
532 1205 632 1280 pyxide
642 1206 755 1261 numos‘l
859 1217 884 1260 25

83 1284 144 1338 Rari
154 1282 255 1354 quippe
263 1281 342 1337 boui:
363 1281 730 1347 numeravixsunttutidem‚
742 1289 807 1353 quot
833 1335 843 1350 ‚

82 1359 234 1413 Thebarum
243 1364 341 1428 [uitae
353 1355 394 1410 vel
405 1354 496 1411 divitia
509 1356 576 1410 ostia
585 1355 647 1410 Nili.

55 1444 60 1459 “
82 1434 157 1489 Nona
170 1439 241 1486 aetas
251 1432 347 1504 agitur,
359 1417 501 1503 peioraqu‘e
509 1428 613 1484 saecula
622 1428 683 1484 sarri
751 1464 763 1475 ι-

14 1510 18 1517 ’
82 1506 255 1579 temporibus,
266 1522 382 1578 quorum
394 1504 486 1560 seeleri
495 1522 549 1560 uon
559 1503 661 1560 invenit
670 1504 727 1576 ipsa

82 1599 179 1639 nomeu
193 1579 326 1637 elanullo
334 1580 423 1653 posuit
431 1582 529 1636 Natura
541 1578 661 1636 metalla:
859 1589 885 1632 aa

83 1676 131 1713 uos
139 1657 282 1712 huminum
291 1656 440 1728 divumque
450 1655 529 1710 fidem
538 1654 770 1718 clamememus,

81 1739 184 1806 quanto
195 1730 347 1785 Faesidium
357 1729 447 1798 laudat
455 1729 553 1785 vocalis
562 1736 684 1802 agentem
730 1775 733 1784 „

81 1804 219 1879 sportula?
236 1806 291 1870 Dia,
302 1804 472 1860 seuiarbulla
481 1804 648 1878 dignissime,
660 1803 755 1867 nescis,
776 1818 778 1823 ·

81 1899 152 1955 quas
160 1880 255 1935 habeat
264 1881 377 1935 Veneres
385 1878 470 1935 aliaua
481 1878 611 1951 pecunia‘l
628 1878 723 1944 neseis,

81 1973 164 2030 quem
176 1963 219 2009 lua
230 1954 384 2025 simplicitas
396 1955 480 2008 risum
491 1953 573 2026 vulgo
582 1960 694 2014 moveat,
709 1969 796 2024 quum
861 1962 887 2006 35

68 2030 193 2103 varrigiaa
203 2042 349 2101 quoquam,
362 2046 395 2083 ne
404 2028 509 2100 peieret,
523 2036 550 2083 el
557 2033 631 2098 putet
640 2026 704 2082 ullis

81 2123 141 2161 esse
150 2103 258 2176 aliquod
270 2121 370 2158 numen
382 2102 487 2175 templis
496 2119 610 2174 araeque
619 2099 741 2156 rubeuli‘l

82 2177 285 2247 Quondamvhoc
294 2178 433 2251 indigenae
441 2177 568 2233 vivebant
579 2193 660 2240 more,
675 2176 832 2249 priusquam

72 2260 200 2323 ‘sumeret
285 2260 348 2318 tem,
359 2253 444 2323 posito
453 2252 608 2317 diademate,
622 2250 715 2306 falcem

81 2330 215 2384 Saturnus
237 2327 343 2399 ugiena3
364 2333 436 2391 tunc,
447 2343 533 2398 quum
546 2324 704 2400 virguncula
713 2326 779 2381 luno
862 2329 888 2378 lu

83 2411 109 2459 et
118 2402 239 2474 privatus
252 2401 340 2456 adhue
349 2400 433 2456 Idaeis
445 2402 544 2473 lupiler
553 2402 651 2466 antria;

84 2476 161 2533 nulla
173 2493 254 2547 super
264 2475 350 2531 nubes
358 2474 479 2531 convivia
490 2475 690 2540 Coelicolum,

85 2568 134 2607 nec
145 2568 212 2622 puer
221 2551 325 2615 Iliacus,
337 2549 452 2606 formosa
461 2567 509 2606 uec
517 2551 637 2607 Herculis
646 2566 714 2606 uxor

84 2626 120 2683 ad
129 2626 248 2699 cyathos,
264 2632 290 2679 et
299 2625 352 2680 iam
361 2626 457 2680 siccato
466 2632 569 2681 nectara
577 2634 682 2698 tergens

85 2700 195 2757 brachia
204 2699 340 2756 Vulcanus
348 2700 474 2771 Liparaea
483 2700 559 2773 nigra
570 2701 686 2756 taberna.
864 2700 891 2749 ir

126 2793 246 2872 Iuratus.
715 2788 727 2842 1
782 2818 792 2829 ·
