2250 3250
355 159 363 169 ”
396 157 541 205 sauma
558 158 618 206 XV.
830 157 878 210 449

119 255 264 321 dimidios,
275 254 340 310 alias
346 255 436 321 iacies,
451 264 477 310 et
488 257 587 312 hiantia
598 258 682 329 ruptis

119 349 188 386 ossa
198 331 284 403 genis,
296 330 531 402 plenosoouiorum
543 333 674 405 sanguiue
683 349 796 408 pugnos.

120 405 233 460 Ludere
242 405 390 460 secrodunt
399 406 451 477 ipsi
465 414 561 471 tamen,
574 414 599 461 et
607 407 722 478 pueriles
898 452 916 475 ,

121 479 334 542 exeruereacies,
347 481 418 552 quod
431 480 504 535 nulia
513 481 640 536 oadavera
651 481 761 538 calcent.
907 495 933 538 oo
970 516 973 519 ·

122 555 161 609 Et
169 571 235 608 sane
244 571 299 625 quo
308 561 345 609 tot
355 555 466 610 rixantis
477 554 562 610 miliia
573 556 674 622 turbae,

122 617 149 681 si
162 629 259 682 vivunt
269 628 380 683 omnes?
394 631 468 702 Ergo
478 631 560 691 aerior
569 630 697 702 impetus:
704 639 730 685 et
740 630 793 686 iarn

124 719 194 756 saxa
205 702 337 757 inclinatis
347 720 393 774 per
402 704 516 758 humum
528 707 646 775 quaesita
656 705 759 763 lacertis

125 777 261 847 incipiunt
270 785 399 849 torquere,
411 776 552 833 domestica
562 779 684 834 seditioni

125 850 194 917 tela;
216 867 264 904 neo
275 851 348 906 buno
360 851 484 923 lapidem,
497 849 591 924 quales
603 850 744 916 et'Turnus
756 860 782 907 et
791 853 866 917 Aiax,
907 864 932 907 tt

127 924 171 979 vei
182 942 237 996 quo
247 926 363 998 Tydides
373 927 501 997 percussit
510 926 626 996 pondere
634 942 728 982 oozam

125 1001 245 1066 Aeneam
266 1001 403 1072 sedquem
413 998 516 1056 valeant
524 1001 642 1056 emittere
650 1001 757 1057 dextrae

126 1072 345 1139 iilisdissimiles,
356 1083 382 1129 et
392 1082 479 1130 nostro
488 1084 603 1146 tempore
612 1084 696 1132 natae.
720 1132 731 1139 ,

127 1150 198 1203 Nam
207 1165 294 1220 genus
304 1150 354 1203 hoc
362 1149 425 1205 vivo
434 1151 487 1203 iam
496 1150 658 1205 decrescebat
668 1152 787 1204 Homero.

128 1221 838 1296 Terramaloshomiuesuunoeducatatquepusiilos.
906 1234 932 1276 to

128 1299 201 1370 Ergo
211 1296 287 1361 deus,
298 1298 462 1370 quicumque
470 1299 600 1369 adspexit,
611 1299 678 1353 ridet
685 1307 711 1354 et
719 1298 782 1353 odit.

167 1370 609 1443 Adevertiouiorepetaturiabuia.
639 1375 783 1444 Postquam

129 1446 259 1500 subsidiis
269 1447 347 1510 aucti,
361 1463 423 1518 pars
433 1446 513 1502 altera
523 1464 642 1518 promere
650 1445 751 1501 ferrum

129 1521 218 1584 audet,
229 1531 255 1575 et
265 1521 370 1576 infestis
380 1538 498 1594 pugnam
510 1523 656 1576 instaurare
665 1522 782 1595 sagittis3

130 1606 202 1670 terga
213 1594 290 1670 fugae
298 1595 376 1650 aeleri
386 1596 579 1667 praestantibus
589 1595 724 1661 omnibus,
736 1590 843 1659 instant,
907 1605 934 1648 75

130 1671 179 1741 qui
191 1671 276 1725 vicina
286 1670 378 1725 colunt
387 1670 527 1726 umbrosae
536 1671 650 1743 Tentyra
659 1670 774 1742 palmae.

131 1746 241 1799 Labitur
252 1745 297 1804 hio
305 1744 425 1817 quidam,
438 1746 520 1801 nimia
529 1743 670 1800 formidine
678 1761 787 1800 cursum
851 1771 855 1778 ‚

131 1820 318 1891 praecipitans,
341 1819 510 1892 capiturque:
547 1827 588 1874 ast
609 1819 686 1875 illum
713 1820 741 1874 in
764 1817 879 1891 plurima

310 1949 315 1952 .
534 1903 635 1949 sertum

81 2039 84 2043 ι
133 1962 215 2022 frusta
223 1984 254 2023 ao
262 1967 414 2040 particulas,
425 1975 456 2023 ut
465 1966 557 2023 multis
567 1976 687 2023 mortuus
697 1982 769 2022 unua

133 2041 366 2107 suiiioeret‚totum
375 2041 666 2098 oorrosisossibusedit
718 2085 720 2088 .
769 2105 772 2118 ἵ
908 2052 934 2095 tt

135 2116 329 2173 victrixturba:
349 2132 398 2172 neo
406 2117 507 2172 ardenti
517 2116 620 2172 deonxit
628 2118 695 2171 aeno

135 2198 180 2244 aut
196 2189 327 2259 verubus3
347 2191 457 2265 longum
472 2207 559 2263 usque
577 2191 641 2246 adeo
658 2188 817 2262 tardumque
828 2206 880 2261 pu-

132 2309 137 2315 .
536 2264 602 2321 tavit

137 2344 284 2409 exspectare
292 2337 371 2403 foues.
383 2348 502 2397 eontenta
514 2342 640 2397 cadavere
648 2338 740 2394 orudo.

137 2413 182 2467 Hio
189 2412 305 2486 gaudere
317 2414 389 2480 libet,
401 2416 474 2487 quod
484 2432 537 2472 uon
552 2415 689 2472 violaverit
698 2415 798 2488 ignem,

136 2505 213 2559 quem
224 2506 330 2545 summa
339 2489 403 2545 unali
415 2498 519 2561 raptum
527 2490 561 2545 de
570 2498 643 2562 parte
652 2488 823 2545 Prometheus
910 2499 936 2542 85

136 2563 240 2618 donavit
250 2566 336 2621 terris.
365 2564 501 2619 Elementa
510 2564 708 2638 gratulor,ette

136 2637 264 2695 exsultare
273 2656 341 2694 reor.
370 2637 610 2711 Sedquimnrdere
619 2636 737 2695 nadaver
