2250 3250
327 227 469 280 SATIRA
488 226 522 279 V.
760 227 793 284 59

64 325 263 396 &memorauit
296 332 419 387 Votorum
433 332 552 387 summa!
573 330 644 397 Quid
653 332 720 387 ultra

61 403 170 471 quaeris?
196 407 286 460 Habet
307 407 432 471 Trebius,
456 412 561 477 propter
581 407 654 477 quod
674 424 796 479 rumpere

355 524 357 529 ,
452 496 577 534 somnum

60 547 137 607 debeat
144 558 169 605 et
177 551 281 626 ligulas
290 554 429 618 dimittere,
441 553 578 618 sollicitus,
591 571 624 609 ne
823 566 848 608 ae

60 627 101 675 tota
110 623 249 682 salutatrix
262 628 318 682 iam
325 628 404 682 turba
415 629 543 701 peregerit
551 629 643 682 orbem

60 695 175 779 silleribus
185 700 291 765 dubiis,
302 709 348 755 aut
357 701 403 756 illo
411 709 536 773 tempore,
548 718 602 773 quo
611 719 641 755 se

60 766 337 848 lugidacireumagunt
346 775 415 847 pigri
423 792 525 830 sarraca
534 776 636 830 Bootae.

59 839 137 905 Qualis
146 861 229 903 ooeua
238 847 351 903 tameu‘l
368 850 476 914 Vinum,
489 848 561 920 quod
571 847 676 902 suooida
687 848 752 904 nolit

60 911 181 987 lampati:
203 922 239 977 de
249 923 361 977 oouvira
373 923 520 996 Corybanta
530 921 644 976 ridebis.
820 931 849 976 to

58 987 307 1064 lurgiaproluduut3
329 996 447 1051 sedurox
459 1003 484 1050 et
493 995 587 1067 poeula
594 1004 701 1067 torques

59 1065 160 1142 ¹saueius,
171 1075 197 1122 et
206 1071 292 1125 rubru
304 1069 421 1143 deterges
431 1069 541 1126 vulnera
550 1086 655 1141 mappa,

59 1142 115 1191 mter
123 1157 169 1195 ros
178 1144 286 1213 quoties
297 1143 504 1216 libertorumque
512 1144 644 1208 eohortem

59 1224 136 1283 pugna
145 1214 297 1290 Saguntina
306 1217 388 1272 lervel
396 1218 536 1272 oommr'ssa
546 1217 649 1291 lagena.
796 1274 800 1279 ,

60 1282 110 1351 lpse
118 1289 241 1359 capillato
250 1290 379 1346 diffusum
388 1290 497 1345 oonsule
505 1298 577 1362 potat
823 1301 849 1344 eo
894 1298 897 1304 “

59 1355 228 1435 calcatamque
238 1372 308 1419 tenet
316 1364 393 1423 bellis
402 1363 542 1418 socialibus
551 1381 642 1427 uvam,

59 1431 165 1490 ttrtlboo
174 1455 327 1509 numquam
337 1439 464 1511 cyathum
474 1438 607 1492 missurus
616 1437 709 1491 amieo.

61 1499 115 1558 Cras
123 1507 195 1565 bibet
204 1512 317 1568 Albanis
326 1511 428 1584 aliquid
441 1511 474 1568 de
482 1513 627 1576 montibus,
639 1519 684 1565 aut
693 1510 726 1565 de

60 1575 155 1648 Setinis,
169 1588 250 1642 cuius
260 1587 371 1658 patriam
381 1586 542 1659 titulumque
552 1593 672 1642 senectus

61 1649 146 1710 delevit
154 1662 241 1716 multa
251 1662 346 1715 veteris
357 1659 470 1732 fuligine
478 1664 572 1727 testae3
706 1683 712 1693 ·
825 1670 851 1714 ³5
916 1669 918 1672 ’

62 1727 254 1794 qualeoorouati
265 1735 378 1790 Thrasea
388 1733 578 1805 Helvidiusque
587 1732 704 1787 solebant
869 1761 873 1768 ·

63 1797 191 1863 Brutorum
204 1818 232 1863 et
240 1810 315 1864 Cassi
327 1807 471 1864 natalibus.
500 1809 558 1879 lpse
567 1824 673 1880 capaces

62 1871 190 1959 Heliadum
206 1892 308 1938 crustas
317 1882 503 1955 et'inaequales
512 1881 614 1955 beryllo

62 1943 130 2006 Vltro
138 1962 211 2012 tanet
218 1956 334 2028 phialas:
355 1957 765 2024 tibiuouoommittituraurum3

62 2021 454 2103 rel,siquaudodatur,custos
463 2028 560 2085 affixus
571 2029 679 2091 ibidem,
824 2036 851 2081 lu
951 2087 952 2090 ,

64 2098 105 2163 ‘lul
113 2113 232 2161 numeret
239 2102 773 2179 gemmasuuguosqueobservetaduucos.

63 2166 221 2233 Duroniam:
242 2177 373 2250 praeclara
382 2178 437 2233 illio
447 2177 568 2232 laudatur
577 2176 668 2247 iaspis.

64 2240 126 2300 Nam
133 2249 218 2316 Virro,
234 2261 265 2307 ut
276 2252 362 2317 multi,
373 2268 492 2324 gemmas
501 2250 535 2307 ad
543 2250 638 2322 poeula
647 2248 771 2306 transfert

65 2317 181 2394 adigitis,
195 2344 263 2400 quas
272 2326 300 2382 iu
310 2326 421 2399 vaginae
430 2324 514 2381 lroute
521 2317 622 2381 solebat

66 2403 153 2456 ponera
162 2400 282 2473 zelotypo
291 2400 396 2471 iuvenis
408 2398 539 2472 praelatus
552 2398 650 2464 larbue.
826 2403 852 2450 ⁴5

66 2461 103 2547 lu
111 2468 285 2529 Beneventani
296 2473 393 2529 sutoris
402 2491 497 2529 nomeu
509 2474 649 2529 habentem

66 2543 168 2602 surabis
178 2548 285 2604 calicem
296 2549 420 2604 uasorum
428 2555 548 2619 quatuor,
560 2564 590 2603 ao
599 2548 652 2602 iam

66 2625 222 2737 {QWQ
233 2630 259 2677 et
268 2622 345 2693 rupto
354 2628 502 2693 posoeutam
512 2622 641 2693 sulphura
650 2622 727 2675 vitro.

84 2695 248 2752 tetomaebus
257 2695 357 2752 domiui
368 2695 449 2752 fervet
458 2696 574 2768 vinoque
581 2696 702 2767 ciboque,
