2250 3250
331 228 363 282 60
591 228 801 278 IUVENALIS

277 345 302 388 tt
330 332 449 406 frigidior
459 330 556 388 Geticis
566 332 662 402 petitur
671 329 775 384 decocta
785 329 898 400 pruinis.
1018 370 1022 376 .
1092 374 1093 379 ,

331 410 389 463 Non
398 407 490 462 eadem
502 406 578 461 vobis
587 405 649 476 poni
659 404 736 459 modo
746 405 807 459 vina
817 402 963 474 querebar:

331 499 378 537 vos
388 481 469 536 aliam
477 480 571 551 potatis
581 496 688 551 aquam.
718 478 777 532 Tibi
790 477 883 548 pocula
892 493 995 531 cursor

331 555 458 610 Gaetulus
467 555 548 617 dabit,
561 560 606 607 aut
616 553 685 625 nigri
695 569 791 608 manus
799 567 874 606 ossea
882 552 985 616 Mauri,
1006 587 1013 611 .

331 636 356 683 et
364 629 407 683 cui
418 645 463 700 per
473 629 587 682 mediam
597 627 666 681 nolis
674 643 807 681 occurrere
815 633 926 689 nectem,

276 714 303 758 55
331 703 443 758 clivosae
452 702 555 757 veheris
564 701 629 755 dum
640 719 686 772 per
695 707 866 755 monumenta
876 701 997 755 Latinae.
1027 731 1031 739 ·

332 777 394 831 Flos
404 776 481 831 Asiae
490 783 550 831 ante
561 776 659 847 ipsum,
673 776 756 846 pretio
765 775 862 829 maiore
871 782 993 845 paratus,

333 868 415 924 qnam
427 850 476 905 fuit
485 857 510 906 et
519 850 589 905 Tulli
598 866 693 905 census
703 850 841 922 pugnacis,
852 848 965 914 atainei,

333 934 367 990 et,
381 943 415 981 ne
424 933 448 980 te
457 933 569 989 teneam,
583 925 762 979 Romanorum
772 924 862 978 omnia
872 939 969 995 regum

333 999 436 1056 frivola.
453 995 1077 1070 Quodquumitasit,tnGaetulumGanymedem

186 1108 188 1112 ,
280 1084 305 1127 tt
334 1067 537 1144 respice,'quum
548 1072 631 1126 sities.
661 1071 749 1127 Nescit
758 1079 794 1126 tot
805 1070 925 1126 millibus
935 1068 1025 1126 emtns'

333 1147 494 1219 pauperibus
503 1147 613 1201 miscere
622 1162 702 1217 puer:
723 1146 770 1200 sed
782 1144 873 1210 torma,
887 1145 935 1201 sed
944 1154 1016 1200 aetas

334 1222 414 1294 digna
423 1219 573 1292 supercilio.
593 1219 985 1291 Quandcadtepervenitille‘l

334 1293 1056 1368 quandorocatusadestcalidacgelidaeqneminister‘l

334 1370 438 1441 Quippe
447 1365 601 1443 indignatur
609 1368 689 1426 veteri
699 1385 789 1440 parcre
805 1367 903 1434 clienti,
922 1436 928 1441 Χ
978 1378 983 1389 ’

281 1455 306 1498 tt
334 1445 458 1516 quodque
468 1444 571 1516 aliquid
585 1461 676 1516 poscas
685 1451 710 1498 et
719 1443 1070 1514 qucdsestanlerecumbas.

335 1519 451 1573 Maxima
465 1535 587 1589 quaeque
603 1518 699 1571 domus
714 1519 798 1572 servis
808 1524 847 1572 est
856 1516 935 1589 plena
945 1519 1068 1589 superbis.
1092 1580 1093 1583 Ἴ

370 1592 437 1646 Ecce
448 1591 516 1647 alius
526 1599 625 1663 quanta
634 1592 749 1664 porrexit
759 1609 895 1647 murmure
904 1607 1000 1664 panem

335 1666 382 1720 vix
392 1665 512 1732 fractum,
524 1667 622 1722 solidae
632 1668 685 1722 iam
694 1668 800 1723 mucida
809 1667 891 1722 frusta
902 1666 1007 1732 farinae,

335 1758 404 1813 quac
418 1742 566 1814 genuinum
580 1743 686 1815 agitent,
707 1759 758 1797 non
772 1741 933 1796 admittentia
947 1759 1067 1799 morsum.

281 1826 307 1868 rt
335 1815 467 1869 Sedtener
475 1822 500 1869 et
513 1816 608 1869 niveus
620 1815 748 1887 mollique
758 1816 863 1889 siligine
872 1815 954 1870 factus
1092 1877 1093 1888 γ

336 1897 455 1952 servatur
463 1887 581 1943 domino.
610 1890 732 1945 Dextram
741 1891 862 1945 cohibere
870 1900 1007 1947 memento.
1092 1893 1093 1916 l

336 1961 412 2017 Salva
423 1962 458 2015 sit
470 1963 582 2034 artocopi
593 1965 744 2019 reverentia.
773 1965 858 2037 Finge
866 1972 952 2020 nmen
965 1975 989 2021 ta

336 2036 526 2107 improbulnm,
543 2052 662 2110 superest
671 2039 733 2103 iilic,
747 2038 794 2110 qui
806 2056 902 2110 ponere
911 2050 996 2113 cogat:
1092 2041 1093 2060 l

335 2112 400 2166 »Vis
411 2112 588 2176 inconsuetis,
601 2112 688 2167 audax
698 2113 817 2175 conviva,
829 2114 950 2167 canistris

283 2193 308 2236 tt
335 2184 466 2255 »impleri
479 2186 609 2256 panisque
618 2186 656 2240 tui
667 2187 772 2242 novisse
783 2186 932 2242 coloremla

336 2259 441 2314 Scilicet
450 2264 496 2313 troc
505 2262 716 2334 [aautprcptcr
724 2266 793 2330 quod
801 2279 885 2330 caepe,
895 2265 986 2317 relicta

338 2337 452 2400 coniaqe,
465 2351 514 2400 per
524 2344 634 2388 montem
646 2339 784 2390 cinereum
794 2339 946 2404 pelidcaque
959 2338 1053 2391 arcarii

336 2406 477 2475 Esquilias,
488 2413 607 2476 tremeret
616 2427 694 2464 cacan
704 2427 782 2479 qaum
792 2414 920 2479 pratitae
929 2428 1018 2465 amaa

337 2481 438 2547 Iupiter
447 2489 472 2533 et
480 2485 560 2535 multo
568 2485 681 2537 stillaret
689 2487 805 2551 paenula
814 2486 914 2539 nimbo!

284 2564 309 2607 at
338 2553 458 2624 Adspice,
470 2571 550 2624 quam
564 2554 644 2629 longo
653 2557 783 2612 distendat
791 2566 893 2629 pectore
905 2557 1008 2624 lancem,

337 2644 407 2701 qnae
416 2626 498 2683 fertur
507 2628 623 2694 dominc,
630 2630 737 2702 squilla,
749 2633 1062 2706 atquibusundiqnesepta

338 2703 481 2776 asparagis,
492 2720 544 2776 qna
555 2703 680 2776 despiciat
689 2706 809 2762 convivia
820 2708 912 2775 cauda,
