2250 3250
335 231 479 280 sarran
497 232 542 301 ur.
780 225 813 279 tt

63 329 163 386 Stoicus
175 329 272 385 oooidit
280 332 398 397 Baream,
410 331 510 388 delator
519 333 645 395 amioum,
738 392 740 395 ,

62 404 278 478 discipulumque
287 423 377 472 senex,
389 408 446 479 ripa
457 407 574 462 nutritus
585 408 613 462 in
623 407 678 472 illa,

64 481 186 553 adquam
196 480 328 554 Gorgonei
339 480 445 554 delapsa
455 489 495 537 est
502 499 591 555 penna
599 481 702 537 caballi.

64 556 120 623 Non
129 562 170 610 est
180 557 299 611 Romano
308 558 434 630 cuiquam
445 555 519 613 locus
532 558 586 622 hio,
597 558 644 612 ubi
658 566 751 631 regnat

66 630 337 703 Protogenesaliquis,
348 630 390 687 vel
402 631 592 703 Diphilus-aut
601 633 782 698 Erimaiohus,
828 642 867 686 rto

64 706 109 777 qui
118 705 207 780 gentis
218 705 283 760 vitio
291 707 563 777 numquampartitur
572 709 699 773 amioum,

50 780 135 835 'solus
145 780 235 835 habet.
265 781 333 834 Nem
343 787 428 853 quum'
439 780 542 837 laoilem
554 781 664 838 stillavit
677 784 703 838 iu
715 800 806 839 aurem

63 856 192 929 exiguum
203 855 236 909 de
249 861 358 910 naturae
367 856 519 929 patriaeque
528 874 639 922 veneno,

63 929 155 985 limine
164 930 338 986 submoveor:
357 932 493 1002 perierunt
502 939 620 1002 tempora
629 931 702 1004 longi

63 1005 175 1060 servitii.
214 1001 356 1076 Nusquam
366 1005 454 1061 minor
463 1014 501 1060 est
512 1006 610 1061 iactura
620 1005 732 1061 clientis.
794 1046 802 1056 .
829 1015 867 1060 125

62 1078 138 1147 Quod
148 1096 227 1150 porro
238 1078 366 1145 officium,
378 1099 412 1136 ne
422 1081 499 1136 nobis
508 1080 639 1146 blandiar,
651 1088 697 1135 aut
706 1080 778 1153 quod

62 1153 188 1226 pauperis
200 1154 245 1209 hio
255 1155 388 1222 meritum.
400 1155 423 1210 si
436 1164 509 1212 curet
520 1154 595 1212 noete
606 1163 711 1230 togatus

63 1246 177 1292 currere,
189 1246 276 1302 quum
285 1231 390 1285 Praetor
398 1229 514 1287 lictorem
525 1229 643 1302 impellat
652 1238 678 1286 et
686 1231 725 1286 ire

62 1304 234 1375 praecipitem
244 1304 341 1368 iubeat,
353 1305 457 1360 dudum
467 1305 641 1378 vigilantibus
650 1306 732 1369 orbis,
824 1320 825 1323 ’

61 1397 97 1434 us
105 1379 180 1451 prior
191 1377 316 1434 Albinam
325 1386 351 1435 st
363 1380 479 1435 Modiam
491 1381 591 1454 collega
599 1379 712 1435 salutet?
828 1389 867 1432 lto
897 1414 904 1434 0

61 1454 159 1509 Divitis
168 1452 213 1508 bio
222 1455 293 1510 servi
302 1452 401 1510 claudit
411 1454 480 1509 latus
490 1455 668 1528 ingenuorum

62 1528 151 1584 lilius:
171 1527 329 1595 altorfenr'm,
341 1536 471 1602 quantum
482 1530 510 1584 in
521 1528 623 1604 legione
632 1528 754 1585 Tribuni.

62 1602 205 1677 aooipiuut,
217 1603 297 1660 donat
307 1604 431 1661 Calvinae
442 1604 483 1661 vol
494 1604 625 1671 Catienae,
752 1604 754 1613 '

60 1686 92 1735 ut
103 1678 187 1735 semol
198 1686 278 1752 atquo
288 1682 383 1735 iterum
393 1698 474 1751 super
483 1680 557 1734 illam
566 1680 688 1752 palpitat:
710 1686 735 1734 at
742 1688 782 1744 tu,
888 1719 893 1728 .

61 1772 150 1827 quum
161 1753 211 1809 tibi
219 1755 306 1809 vestiti
316 1754 395 1809 lacios
405 1754 483 1809 scorti
493 1753 586 1825 plaeet.
598 1755 690 1809 haeres
829 1763 868 1807 135
935 1807 938 1810 ,
1010 1781 1013 1786 ·

62 1837 88 1885 st
97 1828 208 1884 dubitas
219 1827 271 1884 ulta
280 1829 399 1885 Chionen
410 1829 538 1885 deducere
545 1830 620 1885 sella.

26 1952 32 1958 .
62 1906 101 1959 Da
110 1899 205 1959 testem
214 1904 313 1959 Romae
320 1901 375 1961 tam
385 1913 516 1970 sanetum,
527 1922 611 1979 quam
620 1905 670 1960 fuit
680 1905 776 1980 hospes
796 1909 800 1914 ’

63 1979 187 2034 numinis
196 1977 282 2037 Idaei:
300 1979 423 2052 procedat
432 1979 473 2034 vel
483 1981 581 2043 Numa,
595 1980 637 2036 vel
648 1980 715 2052 qui,
772 1975 778 1986 '

62 2053 182 2109 servavit
190 2053 319 2125 trepidem
328 2053 449 2130 flagranti
458 2071 493 2110 ex
502 2054 732 2110 aedolllinervam:

62 2124 235 2201 protenus'a'd
244 2146 364 2193 censum,
376 2130 409 2185 de
419 2129 539 2186 moribus
548 2129 644 2184 ultima
654 2128 697 2183 fiet
829 2137 868 2182 rto

63 2204 196 2276 quaestio.
223 2202 293 2272 Quot
301 2205 385 2277 pascit
393 2203 503 2260 servos?
519 2211 586 2278 quot
595 2203 710 2275 possidet
719 2200 788 2277 agri'

63 2277 179 2352 iugera?
194 2295 277 2352 quem
286 2276 369 2335 multa
378 2296 529 2354 magnaque
537 2278 677 2352 paropside
685 2276 795 2333 ooenat‘l

63 2352 202 2431 Quantum
212 2354 328 2427 quisque
336 2372 385 2411 sun
394 2371 568 2410 nummorum
580 2361 668 2409 servat
677 2354 705 2409 in
714 2370 782 2417 area,

63 2435 169 2484 tentum
179 2428 293 2484 habetet
303 2429 373 2486 fidei.
402 2431 476 2486 lurss
485 2428 545 2485 lioet
553 2436 579 2485 et
588 2429 787 2485 Samothraoum

64 2509 91 2558 et
100 2510 253 2560 nostrorum
264 2521 336 2562 aras:
357 2512 522 2561 contemnere
531 2503 644 2560 fulmina
653 2520 754 2577 pauper
830 2509 869 2554 145

63 2579 183 2634 ereditur
190 2586 270 2651 atquo
281 2580 353 2646 deos,
365 2580 407 2636 dis
421 2580 618 2653 ignoscentibus
629 2579 705 2651 ipsis.

63 2653 235 2727 Quid,‘quod
245 2653 778 2727 materiampraebetoausesqueiooorum
885 2678 887 2680 ·

63 2730 193 2787 omnibus
202 2730 246 2786 lrio
256 2728 336 2797 idem,
347 2731 370 2785 si
381 2728 455 2785 foeda
465 2737 490 2786 et
499 2729 582 2785 scissa
591 2728 704 2793 lacerna,
