2250 3250
322 236 355 289 11
585 240 799 287 IUVENALIS

1113 290 1115 333 l

263 352 290 396 20
318 341 408 408 herbo,
421 358 469 396 uec
478 341 626 416 ingenuum
636 339 764 396 violarent
775 357 905 396 marmora
917 342 1050 413 tophum?

290 472 297 482 ‚
355 416 1071 490 lliotuneUmbricius,»Quandoartibus‚inquit,ho-
1114 416 1115 427 ¹

496 494 507 511 ²
723 492 805 546 nostis

317 565 410 621 nullus
436 565 464 620 in
478 566 548 622 Urbe
579 566 668 631 loeus¹
694 565 769 622 nulla
792 565 971 623 emolumenta
996 567 1070 624 labo-
1115 584 1116 647 1

724 659 795 706 rum,
874 674 879 685 ,
1115 650 1116 723 1

318 714 1069 790 reshodieminorest,herequamiuit‚atqueeademoras
1115 734 1116 781 1

318 790 414 845 deteret
424 792 529 865 exiguis
541 791 658 863 aliquid:
680 793 854 865 proponimus
865 791 928 846 illuc
1115 806 1116 809 ’

261 873 288 918 25
316 866 362 929 ire,
377 864 496 939 fatigatas
507 867 552 921 ubi
564 867 693 921 Daedalus
706 867 853 931 exultatus,

316 940 381 993 dum
393 957 460 995 nova
470 942 589 1005 canities,
600 941 665 995 dnm
675 943 760 1013 prima
771 950 796 996 et
805 949 873 997 recta
883 950 1015 1001 senectus.
1115 942 1116 949 ’

316 1014 381 1068 dum
392 1023 511 1086 superest
520 1017 638 1079 Lachesi,
650 1017 723 1089 quod
733 1023 859 1088 torqueat,
871 1024 897 1071 et
906 1016 1022 1087 pedibus
1028 1036 1070 1071 me
1115 1088 1116 1093 ἵ

313 1095 391 1160 ,porto
401 1090 477 1153 meis,
492 1090 566 1144 nullo
575 1091 695 1145 dextram
706 1092 836 1146 subeunte
847 1092 949 1146 bacillo.

316 1163 448 1219 Cedamus
458 1165 555 1236 patria:
577 1166 670 1221 vivant
683 1166 806 1222 Arturius
816 1166 875 1221 istie

260 1248 286 1292 3⁰
314 1246 340 1292 et
350 1238 473 1294 Citulus:
485 1250 617 1305 moneant,
629 1241 677 1313 qui
687 1239 944 1316 nigrumiueandido
950 1249 1067 1306 vertunt,

315 1317 378 1384 quis
391 1312 465 1369 facile
477 1323 516 1369 est
525 1315 615 1370 oedem
627 1316 780 1380 oonduoere‚
791 1315 912 1379 flumina,
925 1325 1029 1389 portus,

315 1389 463 1443 siccandam
475 1389 599 1455 eluviem,
612 1391 770 1462 portandum
781 1389 814 1445 ad
825 1390 901 1445 busta
910 1389 1033 1452 cadaver,

315 1471 341 1517 et
349 1464 473 1534 praebere
483 1473 562 1536 eaput
571 1466 678 1520 domina
688 1466 781 1519 venale
791 1464 842 1520 sub
852 1465 939 1520 hasta.

314 1536 453 1602 Quondam
466 1538 495 1591 hi
505 1540 651 1594 cornicines
664 1546 689 1593 et
699 1540 868 1611 municipalis
878 1556 972 1595 arenae

260 1620 285 1666 35
314 1614 432 1684 perpetui
442 1612 559 1679 comites,
573 1622 701 1687 notaeque
711 1632 758 1687 per
766 1614 863 1688 oppida
873 1615 979 1682 buccae,
1116 1631 1117 1668 1

315 1703 424 1743 munera
436 1705 508 1748 nunc
519 1689 602 1744 edunt
611 1698 636 1745 et
646 1707 721 1746 verso
731 1690 821 1762 pollioe
832 1690 907 1765 vulgi
949 1743 954 1759 q

308 1765 396 1834 'quem
407 1763 470 1817 libet
479 1764 601 1819 occidunt
610 1764 784 1837 populariter:
806 1765 868 1821 inde
877 1766 976 1820 reversi

315 1837 467 1892 conducunt
483 1837 590 1905 sorices3
612 1848 638 1894 et
652 1858 700 1895 cur
713 1857 765 1896 non
777 1840 886 1895 omnia?
903 1859 990 1913 quum
1000 1843 1065 1899 sint.

315 1910 407 1982 quales
417 1930 452 1966 ex
461 1912 558 1968 humili
568 1930 665 1989 magna
677 1915 711 1970 ad
721 1915 824 1989 fastigia
835 1933 923 1971 rerum

259 1992 286 2039 tt
313 1985 423 2050 extollit,
435 1990 538 2060 quoties
548 1988 632 2044 voluit
641 1990 757 2046 Fortuna
768 1991 857 2046 ioeeri.

314 2062 384 2128 Quid
395 2064 491 2119 Romae
500 2063 613 2119 leniam?
631 2066 736 2121 Mentiri
747 2066 847 2121 neseio:
868 2065 978 2130 librum,

313 2138 336 2192 si
349 2137 434 2193 molus
445 2147 493 2208 est,
506 2157 609 2213 nequeo
622 2139 729 2195 laudare
738 2148 763 2196 et
773 2157 891 2213 posuere:
913 2149 1002 2197 motus

314 2219 443 2268 astrorum
455 2216 561 2288 ignoro:
584 2214 665 2270 ianus
674 2217 825 2288 promittere
837 2216 920 2287 patris

315 2304 363 2341 neo
375 2288 444 2355 volo,
461 2306 509 2344 nec
521 2308 647 2362 possum:
668 2308 794 2346 ranarum
806 2292 905 2346 viscere
915 2308 1066 2363 numquam

259 2367 285 2415 15
315 2362 426 2434 inspexi.
455 2363 533 2418 Ferre
542 2365 575 2419 ad
586 2373 707 2437 nuptam,
720 2384 789 2438 quae
799 2366 878 2421 mittit
888 2364 1002 2432 adulter,

314 2453 382 2508 quae
391 2437 507 2503 mandat,
519 2439 608 2493 norint
618 2439 676 2508 alii3
698 2459 741 2496 me
751 2441 961 2497 nemoministro

314 2510 357 2566 lor
366 2513 423 2577 erit,
436 2521 513 2585 atque
523 2513 582 2572 ideo
592 2513 660 2569 nulli
670 2533 757 2571 onmes
767 2533 840 2582 exeo,
852 2524 992 2588 tamquam

318 2604 429 2642 maneus
443 2595 468 2641 et
477 2589 607 2644 extinctae
616 2606 713 2663 eorpus
724 2607 775 2645 non
787 2591 850 2646 utile
860 2592 978 2646 dextrae.

317 2660 383 2728 Quis
393 2662 597 2737 nuucdiligitur,
611 2666 664 2721 nisi
674 2665 795 2721 conscius
805 2673 830 2720 et
839 2666 881 2720 cui
894 2665 1000 2721 lervens

262 2746 288 2790 5ο
316 2744 416 2808 aestuat
424 2738 532 2795 occultis
543 2742 650 2797 animus
662 2757 819 2814 semperque
827 2740 964 2796 tecendis‘l
