2250 3250
359 156 504 207 SATIRA
526 157 572 204 VI.
805 153 838 206 83

79 253 221 310 Ardebant
230 265 323 312 cuncta
332 257 445 312 et'iracta
455 273 582 329 compage
591 256 711 323 ruebant,

82 348 144 385 non
155 331 235 397 aliter,
247 349 329 404 quam
338 333 365 386 asi
375 331 479 386 fecisset
487 332 555 398 luno
565 332 690 385 maritum

82 405 228 471 insanum..
252 407 341 462 Minus
352 424 414 480 ergo
424 424 520 461 nocens
530 407 579 460 erit
588 405 749 478 Agrippinae
852 418 892 461 620

81 479 203 534 boletus:
224 481 358 552 siquidem
369 482 450 536 unius
459 481 609 552 praecordia
618 481 715 552 pressit

84 554 134 607 iiie
142 554 221 620 senis,
234 555 431 628 tremulumque
441 565 519 626 caput
527 554 770 611 descendereiussit
822 551 828 569 '

84 629 113 682 in
125 628 237 694 eoelum,
249 638 275 683 et
285 628 391 702 longam
403 631 536 684 manantia
546 630 619 684 labra
628 630 748 685 saiivam.

74 704 156 756 Haec
167 705 249 773 poscit
258 704 358 759 ferrum
367 714 447 776 atque
455 704 539 777 ignes,
553 705 617 759 haec
625 705 695 776 potio
705 713 821 777 torquet:

83 777 152 831 haec
162 778 255 832 lacerat
265 779 362 833 mixtos
371 780 501 850 Equitum
510 796 572 833 cum
582 780 712 852 sanguine
725 782 821 835 Patres.
851 791 890 833 525

84 852 164 906 Tanti
177 861 267 922 partus
276 870 368 924 equae,
379 855 443 908 tanti
454 872 508 927 una
517 854 632 907 venefica
640 855 754 908 constat!

124 926 245 992 Oderunt
254 936 327 982 news
336 929 369 982 de
378 928 485 1000 podice,
508 945 586 982 nemo
595 938 731 1001 repugnet,

84 1019 165 1056 nemo
174 1008 258 1058 vetet:
280 1002 331 1056 iam
343 1003 394 1056 iam
405 1004 558 1076 privignum
568 1003 684 1057 occidere
696 1003 735 1058 sas
745 1011 797 1063 est,

83 1077 138 1131 Vos
147 1093 206 1148 ego,
218 1077 322 1148 pupilli,
335 1078 437 1143 moneo,
450 1080 512 1149 quis
524 1078 637 1149 amplior
646 1085 684 1133 est
694 1097 745 1144 res,

83 1152 214 1205 custodite
224 1153 335 1216 animas,
349 1161 375 1206 et
384 1152 451 1207 nulli
460 1151 556 1205 credite
566 1170 683 1207 mensae.
850 1163 889 1206 630

84 1226 179 1281 Livida
188 1234 307 1280 materno
316 1225 416 1281 fervent
425 1226 528 1296 adipata
539 1244 649 1281 veneno.
812 1232 815 1235 ’

85 1300 388 1371 Mordeatanteatiqnis,
400 1301 533 1372 quidquid
543 1301 687 1372 porrexerit
697 1300 750 1362 iila,
838 1332 840 1338 .

84 1392 153 1445 quae
161 1376 275 1447 peperit:
296 1376 407 1429 timidus
417 1383 568 1448 praegustet
577 1375 670 1446 pocula
680 1393 789 1446 pappus.

84 1451 228 1522 Fingimus
239 1450 311 1514 haec,
323 1450 406 1504 altum
416 1451 495 1504 satira
508 1456 629 1504 sumente
639 1450 809 1511 cothurnum,

84 1524 193 1590 scilicet,
206 1531 240 1584 et,
254 1524 332 1579 tinem
342 1526 441 1598 egressi
452 1525 590 1597 legemque
600 1525 727 1596 priorum,
849 1535 888 1578 5³5

84 1599 186 1673 grande
195 1598 338 1670 Sophocleo
346 1617 452 1654 carmen
464 1599 624 1654 bacchamur
631 1600 715 1663 hiatu,

84 1675 221 1729 montibus
232 1674 352 1747 ignotum
363 1674 468 1728 Rutulis
476 1673 601 1744 coeloque
614 1672 723 1728 Latino‘?

86 1752 138 1804 Nos
150 1750 251 1804 utinam
263 1750 339 1804 vani!
361 1749 411 1804 Sed
421 1748 516 1803 clamat
525 1749 625 1813 Pontia,
638 1749 708 1813 Feci,
807 1775 809 1782 a

87 1829 217 1895 confiteor,
224 1829 362 1894 precisque
371 1830 434 1879 meis
442 1830 547 1879 aconita
556 1828 662 1892 paraui,

85 1904 399 1969 qnaedeprenenpetent:
416 1903 630 1968 facinustuntum
641 1900 810 1967 ipsepereeii
848 1905 887 1951 uto

86 1973 294 2028 Tnneduosnna
304 1973 458 2028 saevissima
468 1973 557 2043 vipera
567 1970 664 2026 ooena‘?

85 2055 149 2102 tune
157 2046 243 2101 duos?
260 2047 369 2116 Septen,
380 2054 404 2102 sa·
413 2053 582 2117 septemsorte
590 2051 708 2116 fuissent.
797 2090 798 2094 ,

85 2122 231 2185 Credamus
240 2123 354 2194 tragicis,
367 2121 500 2193 quidquid
512 2121 545 2175 de
555 2120 679 2177 Colchide
689 2126 762 2174 torva
782 2127 787 2133 '

86 2197 182 2252 dicitur
191 2203 217 2250 et
225 2195 336 2250 Procne:
358 2196 595 2251 niioontraconor:
616 2194 711 2249 etiiiae

86 2270 195 2343 grandia
204 2277 321 2325 monstra
331 2271 388 2324 suis
399 2271 530 2325 audebant
540 2270 718 2341 temporibus3
738 2269 785 2325 sed
848 2277 893 2339 tte

89 2363 138 2399 non
149 2352 253 2416 propter
262 2363 368 2399 numos.
398 2346 484 2399 Minor
493 2345 632 2400 admiratio
642 2363 756 2400 summis

88 2420 195 2474 debetur
205 2420 339 2485 monstris,
351 2421 454 2490 quoties
467 2419 528 2474 facit
537 2421 575 2474 ira
581 2429 721 2489 nocentem

88 2495 270 2558 huncsexnm,
283 2502 308 2548 et
317 2494 389 2549 rabie
401 2495 473 2549 iecur
484 2495 637 2551 incendente
651 2495 771 2551 feruntur

88 2567 251 2639 praecipites,
273 2575 303 2631 ut
312 2586 376 2623 saxa
386 2570 456 2642 iugis
466 2570 585 2641 abrupta,
598 2570 698 2643 quibus
709 2585 786 2624 mons

88 2643 257 2707 subtrahitur,
269 2642 391 2718 clivoque
404 2645 472 2699 iatus
483 2646 611 2714 pendente
621 2644 725 2699 recedit.
847 2650 886 2693 55⁰

671 2737 720 2789 Fa
