2250 3250
338 204 481 252 sumu
498 206 543 251 111.
781 178 814 254 00

66 322 149 377 quam
158 305 222 361 satis
235 311 284 371 est,
295 303 428 379 interdum
438 304 524 360 aliena
534 305 650 362 sumitur
663 324 729 362 arca.

67 381 214 436 Commune
223 380 258 434 iil
264 380 362 437 vitium
372 387 420 434 est.
452 379 501 434 llic
509 379 628 435 vivimus
639 381 777 436 ambitiosa

67 463 333 528 paupertatesomnes.
364 453 585 521 Quidlsmoror‘l
604 453 701 509 Omnia
710 455 807 511 Romae

67 531 230 602 cumprelio.
252 527 815 601 Quiddas,utC0ssumaliquandosalutes?

68 602 597 675 uttsiespiciatulausol'eienlolabello‘l
831 615 870 659 185

68 678 114 734 Ille
122 680 195 734 metit
203 679 326 744 barbam,
336 678 436 732 crinem
444 678 489 732 hic
497 677 604 750 deponit
613 679 706 734 amati:

68 753 141 825 plena
151 753 249 809 domus
259 752 323 807 libis
332 751 481 808 venalibus.
509 751 613 823 Accipe,
625 753 727 808 utillud

68 828 224 884 fermentum
234 827 284 882 tibi
296 826 378 882 habe:
398 834 530 898 praestare
539 827 637 882 tributa
646 827 753 884 clientes

68 903 195 977 cogimur,
210 909 237 957 et
246 901 325 956 cultis
335 918 429 974 augere
438 901 541 973 peculia
550 901 646 956 servis.

102 977 170 1045 Quis
179 977 256 1031 timet
266 982 312 1030 aut
323 975 412 1031 timuit
421 975 508 1048 gelida
518 977 656 1031 Praenesls
665 976 781 1044 ruinam,
832 988 871 1032 000

66 1059 110 1107 aut
116 1052 217 1126 positis
224 1067 362 1106 nemorosa
371 1049 439 1105 iuter
447 1051 511 1123 iuga
522 1049 656 1116 Volsiniis,
668 1059 714 1107 aut

66 1127 236 1200 simplicibus
246 1125 348 1191 Gabiis,
359 1132 405 1180 aut
414 1126 491 1197 proni
501 1125 609 1180 Tiburis
618 1125 695 1181 aroe‘l

65 1203 118 1258 Nos
127 1202 225 1257 urbem
235 1199 348 1256 colimus
357 1201 429 1254 tenui
439 1200 546 1255 tibicine
555 1198 662 1254 fultam

66 1295 164 1350 magna
173 1283 248 1348 parte
257 1275 311 1330 sui.
339 1275 407 1328 Nam
418 1274 710 1330 slelabentibusobslat

65 1352 173 1407 villicus
183 1357 218 1415 et,
231 1348 327 1406 veteris
337 1350 419 1404 rimas
428 1366 513 1421 quum
523 1349 589 1404 texit
598 1349 711 1416 hiatum,
834 1361 873 1404 005

67 1443 173 1482 securos
182 1423 314 1497 pendente
323 1423 398 1478 iubet
409 1423 525 1478 dormire
534 1424 622 1478 ruina.

66 1499 220 1558 Vivendum
230 1498 342 1565 estillic,
354 1498 402 1554 ubi
413 1496 486 1576 bulla
495 1497 626 1563 incendia,
639 1495 707 1552 nulli

66 1583 141 1634 nocte
150 1581 248 1633 metus.
282 1575 338 1631 Iam
348 1574 433 1648 poscit
442 1590 549 1648 aquam,
563 1573 617 1630 iun
626 1571 720 1630 frivola
733 1579 820 1629 traus-

312 1661 322 1668 “
474 1649 523 1704 fert

11 1757 15 1768 .
67 1724 199 1800 Ucalegon
207 1742 221 1798 i
235 1722 353 1788 tabulatu
362 1723 410 1778 libi
421 1723 473 1777 iam
483 1723 557 1777 tertia
568 1722 685 1778 fumant:

66 1801 205 1857 lunescis.
236 1801 304 1854 Nam
314 1799 338 1853 si
346 1798 475 1873 gradibus
488 1796 758 1869 trepidaturabimis,
835 1808 874 1851 2⁰0

66 1876 181 1932 ultimus
195 1873 305 1940 ardebit,
317 1891 398 1945 quem
408 1872 496 1947 tegula
506 1871 561 1928 sola
571 1881 660 1929 tuetur

67 1971 81 2005 a
91 1950 196 2023 pluvia,
208 1946 302 2005 molles
310 1949 357 2003 ubi
368 1948 481 2004 reddunt
490 1966 540 2007 ova
549 1948 695 2004 uolumbae.

68 2027 164 2081 Lectus
174 2030 229 2079 erat
239 2022 325 2080 Codro
333 2023 442 2079 Procula
453 2024 549 2089 minor,
559 2023 657 2078 uroeoli
666 2041 722 2089 sex,

68 2105 256 2156 ornamentum
267 2098 350 2163 abau,
362 2114 472 2153 necnon
485 2106 510 2153 et
522 2097 651 2171 parvulus
661 2097 729 2151 infra

69 2175 213 2230 cantharus
224 2180 250 2228 et
260 2173 389 2229 recubans
399 2173 450 2228 sub
460 2173 551 2229 eodem
561 2189 692 2227 marmore
702 2172 814 2243 Chiron3
835 2183 875 2226 205

72 2254 179 2320 iamque
189 2253 266 2304 vetus
276 2248 519 2308 Graeousservabat
527 2248 592 2302 cista
601 2246 714 2313 libellos,

70 2331 97 2379 et
108 2323 201 2379 divina
212 2323 280 2394 opici
290 2322 416 2378 rodebant
424 2322 542 2378 carmina
552 2340 649 2377 mures.
762 2333 767 2378 ξ

71 2398 116 2454 Nil
126 2398 222 2453 habuit
233 2396 350 2452 Codrus:
361 2397 423 2469 quis
433 2398 505 2452 enim
515 2396 611 2471 negat?
619 2405 645 2452 et
653 2405 741 2451 tamen
756 2395 824 2450 illud
877 2415 882 2422 ¹

72 2472 187 2546 perdidit
196 2470 290 2527 infelix
299 2478 384 2527 tolum
394 2470 476 2526 nihil:
497 2470 610 2526 ultimus
618 2479 706 2527 autem

73 2545 809 2621 aerumnascumulus,quodnudumetirustarogantem
837 2553 877 2600 010

75 2639 152 2678 nemo
163 2622 322 2687 cib0,.nsmo
331 2620 446 2692 hospitio
456 2628 576 2694 tectoque
585 2621 696 2677 iuvabit.

75 2698 103 2752 Si
113 2713 211 2770 magna
221 2694 311 2753 Arturi
320 2695 413 2754 cecidit
421 2695 531 2752 domus:
552 2687 659 2752 horrida
668 2702 760 2760 mater,

113 2790 231 2844 1000000..
392 2785 395 2790 ’
694 2786 716 2839 Ι)
