2250 3250
243 163 277 216 5⁰
371 182 376 193 ‘
489 166 700 213 luvuuhms
732 179 734 183 ’

242 266 337 339 pullati
347 282 473 338 proceres,
487 265 574 321 differt
587 265 737 334 vadimonia
747 266 858 322 Praetor.

243 343 318 395 Turro
326 342 460 414 gemimus
469 358 547 395 casus
556 340 644 404 Urbis,
656 347 721 395 tuno
728 340 835 395 odimus
846 342 948 414 iguem.

188 425 228 470 215
242 414 324 471 Ardet
332 414 428 479 adhue,
440 423 465 469 et
473 416 527 469 iam
536 415 658 480 ooourrit,
670 415 718 486 qui
727 432 859 470 marmora
869 415 969 481 donet,

242 489 509 560 oonieratimpensas.
539 489 587 543 llic
597 489 668 543 nuda
678 497 703 543 et
712 488 822 544 eandida
832 491 919 562 sigua,

242 564 287 618 bic
297 562 398 634 aliquid
407 561 571 634 praeclarum
580 562 762 633 Euphranoris
772 570 798 618 at
807 562 943 637 Polycleti,

243 638 308 693 baec
318 637 475 692 Asianorum
488 645 574 692 vetera
583 644 735 693 ornamenta
746 639 868 700 Deorum,

243 711 288 766 hio
297 711 379 766 libros
388 710 603 777 dabitetiorulos
613 712 780 783 mediamque
790 712 949 778 Minervam,
1052 748 1059 758 ·

98 846 110 855 ,
188 795 228 840 22⁰
242 786 287 841 hie
296 785 415 840 modium
425 787 536 860 argenti.
565 785 672 840 Meliora
681 802 711 840 ao
719 785 795 855 plura
806 786 908 856 reponit

244 861 373 924 Persicus,
385 861 510 916 orborum
520 860 694 922 lautissimus,
705 867 731 914 et
740 860 834 929 merito
844 860 897 913 iam

244 942 393 1006 suspectus,
405 944 541 1007 tamquam
553 935 680 1005 ipsesnas
691 933 834 988 inoenderit
846 934 935 990 aedes.

243 1009 271 1064 Si
285 1016 357 1079 potes
367 1008 445 1063 avelli
456 1009 634 1073 Cirnensibus,
646 1008 745 1080 optima
754 1008 840 1073 Sorae,
863 1026 866 1031 ·

243 1091 289 1137 aut
298 1083 464 1137 Fabrateriae
473 1081 580 1147 domus,
592 1089 638 1137 aut
646 1083 795 1137 Frusinone
804 1078 919 1152 paratur,

189 1166 228 1210 225
242 1156 336 1227 quanti
347 1173 418 1211 nuno
428 1156 548 1211 tenebras
557 1174 643 1211 unum
653 1156 777 1211 oonduois
788 1156 816 1211 in
826 1174 937 1211 annum.

243 1229 370 1285 llortulus
381 1229 434 1292 hie.
447 1238 596 1301 puteusque
606 1230 703 1294 brevis,
710 1231 1000 1297 necrostemovendus‚

245 1306 271 1359 in
283 1313 377 1359 tenues
387 1305 490 1376 plantas
500 1300 572 1360 facili
580 1304 735 1359 diffunditur
745 1304 854 1359 haustu.
934 1308 942 1321 ⁸

244 1380 311 1434 Vive
320 1379 435 1435 bidentis
445 1395 547 1444 amans,
557 1388 583 1435 et
592 1378 656 1433 culti
667 1378 772 1434 villicus
784 1378 867 1446 horti3
958 1386 967 1394 ‘

243 1454 434 1523 undeepulum
444 1452 722 1527 possisoentum'dare
730 1453 912 1526 Pythagoreis.
960 1450 965 1457 “

189 1536 229 1580 tot
243 1528 292 1581 Est
301 1526 413 1596 aliquid,
424 1540 594 1598 quocumque
603 1526 667 1590 loco,
680 1543 851 1599 quocumque
860 1544 968 1584 recessu

244 1601 326 1656 unius
336 1617 394 1656 sose
405 1600 545 1657 dominum
558 1599 650 1657 iecisse
660 1600 784 1657 lacernae.

282 1675 419 1732 Plurimus
431 1676 475 1752 bic
484 1671 561 1752 aeger
571 1678 684 1731 moritur
692 1676 841 1750 vigilando:
862 1676 995 1732 sedillunr

243 1750 400 1824 languorem
409 1752 510 1823 peperit
518 1752 595 1806 cibus
606 1750 773 1822 imperfectus
784 1757 811 1805 et
821 1751 931 1805 haerens

245 1825 346 1880 ardenti
359 1826 503 1880 stomacho.
533 1827 600 1879 Nam
612 1843 680 1897 quae
689 1826 818 1880 meritoria
829 1842 955 1880 somnum

190 1908 229 1953 235
244 1899 405 1954 admittunt?
423 1898 527 1971 Magnis
536 1900 632 1970 opibus
642 1899 773 1955 dormitur
781 1900 810 1954 in
817 1900 901 1955 Urbe:

244 1974 307 2029 inde
315 1982 394 2046 eaput
404 1974 501 2029 morbi'.
530 1973 911 2040 Rbedarumtransitusaioto'

244 2049 363 2105 vinorum
374 2049 402 2105 in
412 2048 483 2104 tlexu
492 2055 518 2104 et
527 2049 621 2103 stantis
630 2050 747 2104 eonvioia
755 2048 882 2104 mandrae

245 2124 356 2194 eripient
365 2141 472 2179 somnos
482 2140 545 2178 urso
554 2122 827 2194 vitulisquemarinis.

245 2197 272 2251 Si
283 2204 358 2266 vooat
369 2197 496 2263 officium,
508 2198 586 2253 turba
598 2198 705 2268 oedente
714 2197 825 2252 vehetur

190 2274 230 2322 24⁰
245 2271 328 2330 dives.
341 2278 366 2324 et
375 2272 475 2345 ingenti
485 2280 572 2328 curret
582 2290 613 2326 su
649 2289 716 2327 rora
729 2272 857 2337 Liburno,

240 2349 324 2419 ‘alque
333 2344 416 2399 obiter
426 2347 494 2419 leget
502 2353 548 2401 aut
557 2290 654 2402 serilleet

245 2435 363 2489 namque
372 2418 432 2473 iaoit
440 2438 567 2476 somnum
576 2421 665 2476 clausa
674 2421 763 2476 lectica
773 2421 895 2475 fenestra.

245 2493 314 2548 Ante
323 2500 412 2549 tamen
421 2494 522 2549 veniet:
544 2495 621 2549 nobis
631 2495 831 2568 properantibus
839 2496 927 2550 obstat
998 2555 1002 2560 ⁴

245 2568 318 2622 unda
327 2567 411 2639 prior:
426 2586 525 2642 magno
533 2569 650 2640 populns
659 2571 754 2641 premit
764 2569 996 2643 agminelumboe,

191 2646 231 2694 245
245 2642 293 2714 qui
305 2643 434 2715 sequitur.
465 2644 537 2699 Ferit
545 2643 589 2699 bio
598 2643 696 2710 cubito,
709 2643 767 2699 ierit
776 2662 863 2700 assere
871 2644 941 2701 duro

656 2346 715 2411 ‚vel
726 2347 837 2401 dormiet
848 2346 934 2415 intras,
1039 2391 1046 2394 .

1109 2505 1120 2672 i
