2250 3250
370 151 513 198 SATIRA
534 149 592 198 vu,
818 150 851 204 85

98 250 174 325 quod
185 268 239 308 non
248 251 349 317 vidisti,
360 251 456 306 iaciant
466 252 568 324 equites
579 250 670 307 Asiani

98 344 281 401 quamquam,
302 336 328 382 et
345 326 511 400 Cappadoces
525 325 620 382 iaciant
638 329 793 403 equitesque
806 332 850 387 Bi-

506 402 536 456 th
557 404 595 468 ni,
879 418 905 462 15

100 477 183 532 altera
192 494 261 548 quos
272 477 344 531 nudo
352 476 465 531 traducit
477 420 561 532 Galliya
574 476 633 533 talo.
683 487 685 491 ⁴

99 555 185 606 Nemo
195 559 282 607 tamen
293 552 389 606 studiis
399 551 540 625 indignum
551 551 618 608 [erre
630 552 759 610 laborem·

100 634 209 700 cogetur
218 626 336 698 posthae,
347 627 427 696 nectit
436 628 600 700 quicumque
609 630 711 684 canoris

99 701 238 772 eloquium
249 700 338 756 vocale
347 701 444 766 modis,
456 701 616 775 laurumque
626 704 778 763 momordit.

99 777 155 831 lloc
164 774 405 849 agiteoiuvenes:
426 777 606 849 circumspicit
615 784 641 832 et
650 776 769 835 stimulat
778 796 826 834 vos
878 793 903 836 uu
969 786 972 789 ’
1018 772 1026 787 ’“

99 852 291 923 materiemque
300 851 351 905 sihi
364 851 442 905 Ducis
454 852 617 926 indulgentia
631 854 742 924 quaerit.
798 894 801 897 .

99 927 128 981 Si
138 943 192 997 qua
203 924 309 980 aliunde
317 932 394 997 putes
404 943 492 980 remur
503 927 676 998 exspectanda
687 934 793 983 tuarum
893 959 900 964 -

100 999 240 1071 praesidia,
256 1008 335 1072 atque
345 1001 403 1055 ideo
411 1016 514 1056 emesae
524 1002 678 1057 membrana
687 1003 797 1058 tabellae

100 1075 239 1147 impletum
261 1074 394 1148 lignorum
404 1076 717 1147 aliquidposceooiuset‚
728 1095 797 1151 quae

99 1148 727 1221 componis,donaVeneris,lhelesine,marim,
877 1164 903 1208 25

99 1232 146 1280 aut
154 1224 248 1291 claude
256 1232 282 1279 et
291 1225 391 1295 positos
400 1225 469 1280 tinea
479 1226 608 1296 pertunde
618 1226 726 1281 libellos.

99 1301 205 1372 Frange
214 1299 295 1354 miser
303 1298 428 1364 calamos,
440 1301 602 1372 vigilataque
610 1301 708 1373 proelia
717 1301 783 1367 dele,

99 1375 148 1446 qui
157 1372 221 1429 iacis
231 1374 259 1429 in
268 1390 350 1446 parva
359 1373 485 1428 sublimia
494 1375 611 1429 earmina
620 1374 694 1439 cella,

99 1457 131 1503 ut
138 1445 238 1522 dignus
247 1449 339 1504 venias
348 1449 452 1504 hederis
462 1457 487 1504 et
497 1449 613 1523 imagine
621 1453 718 1505 macru.

99 1524 165 1596 Spes
176 1522 250 1578 nulla
259 1523 378 1579 ulterior:
399 1523 492 1580 didicit
505 1542 566 1579 nam
576 1525 652 1580 dives
660 1543 757 1580 avarus
876 1536 902 1579 tu
1006 1552 1009 1555 Δ

100 1606 204 1655 tautum
218 1599 353 1665 admirari,
364 1606 468 1654 tantum
477 1599 585 1654 laudare
593 1599 713 1666 disertos,

98 1683 129 1730 ut
138 1674 214 1746 pueri
223 1674 332 1729 lunonis
342 1691 426 1730 avem.
455 1673 607 1729 Seddetluit
615 1682 684 1728 aetas

98 1757 124 1803 et
134 1747 221 1822 pelagi
230 1749 331 1820 petiens
340 1748 484 1803 eteassidis
494 1755 573 1822 atque
582 1749 688 1823 ligonis.
753 1812 756 1815 ⁴

99 1823 196 1878 Taedia
208 1832 270 1878 tune
278 1823 514 1889 subeuntanimos‚
526 1832 592 1881 tuuo
600 1842 682 1896 seque
691 1837 823 1897 suamque
916 1887 919 1893 Ἴ,
947 1873 955 1885 ,

100 1898 289 1969 Terpsichoren
298 1898 354 1953 odit
364 1896 476 1953 facunde
488 1906 513 1952 et
523 1900 594 1954 nude
604 1906 731 1955 senectus.
875 1910 901 1953 35

136 1973 233 2043 decipe
242 1990 314 2028 nuno
321 1982 397 2038 artes.
405 1990 443 2027 vue
454 1972 521 2044 quid
531 1973 579 2028 tibi
591 1972 706 2028 omiserat
715 1974 772 2035 iste,

99 2065 181 2119 quem
190 2046 265 2114 eolis,
277 2054 302 2101 et
310 2048 447 2102 Musarum
457 2055 483 2103 et
491 2047 622 2119 Apollinis
635 2046 698 2104 aede
710 2047 807 2104 relicta.

99 2123 158 2194 lpse
168 2120 230 2177 facit
238 2139 341 2185 versus,
353 2131 432 2196 atque
442 2123 488 2177 uui
498 2123 566 2177 cedit
575 2125 687 2178 Homero
761 2132 763 2137 ’

98 2203 205 2268 propter
216 2195 288 2251 mille
297 2213 389 2262 annos,
402 2204 436 2261 at,
448 2198 472 2251 si
485 2196 624 2253 dulcedine
633 2197 718 2252 lamae

98 2287 243 2338 suecensus
253 2271 353 2336 recites,
365 2271 519 2327 Memdonus
529 2273 678 2328 eommodat
686 2271 771 2338 aedes,
875 2281 901 2327 ltu

99 2343 659 2421 eolougelenntadomusservire'iubetun

100 2420 127 2474 in
141 2437 195 2492 que
205 2418 329 2485 sollicitae
340 2420 546 2476 imitaturianua
555 2431 654 2494 portas.

97 2494 152 2548 Scit
161 2494 224 2549 dare
234 2493 340 2550 libertos
349 2503 466 2551 extrema
478 2496 505 2551 in
517 2505 591 2569 parte
599 2497 718 2552 sedentes

97 2567 210 2634 ordinis,
221 2576 247 2623 et
258 2587 369 2645 mugnus
378 2571 506 2626 comitum
515 2572 654 2643 disponere
663 2588 747 2626 voces.

97 2645 183 2702 Nemo
192 2643 266 2699 dabit
274 2661 378 2720 regum,
391 2647 484 2720 quand
493 2646 619 2704 subsellia
629 2653 755 2713 constent¹
817 2704 826 2713 ,
875 2652 901 2701 lt
