2250 3250
206 157 211 166 ’
287 182 319 246 66
344 172 347 177 ‘
550 185 764 231 ruuuuasrs

287 286 559 359 etvaouoelausoque
568 284 725 340 sonantiora
735 284 793 339 sola
802 285 912 351 theatro,

289 370 393 437 atquea
404 362 515 434 plebeiis
525 360 604 434 longe
612 359 761 433 Megalesia,
773 360 862 414 tristes
967 432 969 435 Ι

159 441 165 448 ’
233 450 259 491 ru
287 455 427 510 personam
437 437 720 508 thyrsumquetenent,
731 442 759 488 et
769 435 892 508 subligar
901 435 972 490 roci.

265 541 271 552 ·
289 512 399 568 Urbicus
409 510 503 566 exodio
511 510 596 563 risum
606 516 695 564 movet
702 509 840 564 Atellanae

287 586 406 659 gestibus
416 584 563 639 Autonoes:
585 583 657 637 huuc
666 582 754 656 diligit
765 582 839 639 Aelia
851 602 963 656 pauper.
1091 624 1092 653 ss

290 660 406 717 Solvitur
417 660 460 714 his
470 675 568 732 magno
576 658 693 712 oomoedi
703 657 794 712 fibula.
824 658 902 737 Sunt,
915 677 986 745 quae
1091 674 1092 727 ᾗ

289 736 492 807 Chrysogonum
500 740 710 789 cantarevetent.
740 732 863 803 Hispulla
873 734 999 807 tragoedo
1091 732 1092 803 i

234 820 261 861 rs
288 810 395 882 gaudet.
424 808 467 864 An
476 815 620 880 esspeotas,
632 815 662 861 ut
671 806 854 872 Quintilianus
864 809 988 864 ametur?
1091 816 1093 873 ἶ

289 884 393 955 Ancipis
404 883 629 954 uxorem‚dequa
640 881 806 937 citharoedus
815 882 920 938 Echion
1091 878 1092 945 t

290 967 336 1012 aut
350 957 503 1031 Glaphyrus
516 957 562 1013 fiat
573 966 655 1028 pater,
671 956 886 1029 Ambrosiusque
895 958 1036 1016 choraules.

292 1034 436 1106 Longeper
446 1039 573 1105 angustos
584 1031 698 1103 figamus
708 1030 811 1102 pulpita
825 1034 913 1088 vioos:

290 1114 416 1162 ornentur
426 1114 512 1177 postes
522 1106 649 1180 etgrandi
660 1106 740 1160 ianua
750 1106 833 1170 lauro,
940 1116 942 1121 “

188 1234 191 1243 Δ
238 1192 263 1234 au
291 1189 321 1236 ut
330 1180 476 1237 testudineo
486 1181 542 1245 tibi,
555 1180 674 1244 Lentule,
684 1196 799 1252 conopeo
867 1252 870 1255 Δ

292 1254 390 1311 nobilis
398 1256 546 1329 Euryalum
556 1255 746 1310 mirmillouem
757 1257 893 1326 exprimat
903 1257 998 1312 inians.

330 1332 417 1402 Nupta
427 1330 544 1386 Senatori
554 1332 723 1385 oomitata·est
731 1330 958 1403 Hippiaffiufflum

292 1404 326 1460 ad
337 1406 439 1461 Pharon
450 1413 475 1461 et
483 1406 574 1461 Nilum
585 1404 737 1477 famosaque
747 1406 850 1461 moenia
860 1407 937 1479 Lagi,
981 1424 987 1428 ·

293 1480 544 1552 prodigiaetmores
555 1479 633 1534 Urbis
642 1480 785 1535 damnante
794 1480 913 1555 Canopo.
965 1524 967 1527 .

239 1565 264 1607 as
292 1555 434 1619 Immemor
444 1553 488 1607 iila
499 1553 595 1608 domus
604 1559 630 1608 e't
637 1554 758 1627 ooniugis
766 1557 848 1628 atque
857 1557 964 1620 sororis,

293 1628 332 1683 nil
342 1628 442 1700 patriae
451 1628 574 1695 indulsit·
583 1628 768 1702 plorantesque
777 1632 900 1704 improba
910 1641 991 1694 natos.

293 1711 377 1776 utque
385 1705 472 1779 magis
481 1713 597 1776 stupeas,
609 1704 727 1759 Paridem
739 1705 871 1777 ludosque
882 1701 996 1780 reliquit.

295 1778 346 1834 Sed
355 1797 520 1850 quamquam
529 1781 557 1833 in
569 1780 773 1853 magnisopiitus
783 1780 1032 1854 plumaquepaterua

294 1862 320 1907 et
332 1854 501 1926 segmentatis
511 1854 650 1907 dormisset
658 1853 768 1924 parvula
776 1857 864 1919 eoois,

241 1940 266 1983 tu
294 1928 432 1983 contemsit
444 1927 569 2003 pelagus:
590 1928 688 1986 famam
698 1937 871 1986 oontemserat
879 1931 953 1996 olim,

297 2004 373 2059 errius
383 2004 453 2075 apud
464 2004 556 2060 molles
567 2006 677 2059 minima
686 2012 726 2060 est
737 2006 836 2060 iactura
848 2008 990 2063 cathedras.

295 2079 447 2153 Tyrrhenos
456 2080 537 2154 igitur
545 2079 640 2135 fluetus
653 2080 756 2152 lateque
768 2090 907 2138 sonantem

296 2155 404 2226 pertulit
412 2156 516 2211 Ionium
526 2156 652 2211 ouostauti
663 2163 774 2227 pectore,
786 2159 913 2228 quamvis

296 2229 455 2286 mutandum
467 2233 542 2287 toties
552 2238 620 2286 esset
629 2249 711 2287 mare.
741 2233 811 2286 Iusta
823 2232 914 2302 pericli

243 2314 268 2358 at
297 2305 321 2359 si
332 2306 397 2362 ratio
406 2313 446 2362 est
457 2315 483 2362 et
491 2308 609 2370 honesta,
622 2306 715 2360 timent
723 2305 874 2378 pavidoque
881 2307 998 2381 §gelantur

296 2389 407 2456 pectore,
420 2400 468 2438 neo
477 2381 596 2438 tremulis
606 2388 718 2452 possunt
727 2381 848 2437 insistere
857 2382 966 2453 plantis:

297 2456 389 2513 rorum
404 2459 525 2513 animum
541 2461 673 2529 praestant
686 2456 775 2521 rebus,
791 2474 859 2529 quas
871 2459 980 2529 turpiter
991 2470 1031 2512 au=

701 2531 772 2585 dent.
813 2572 816 2582 .

299 2607 327 2662 Si
340 2605 427 2663 iubeat
435 2605 541 2671 oouiux',
552 2603 650 2660 durum
662 2616 701 2661 est
709 2606 882 2661 eonsoendere
892 2608 990 2676 navim3

298 2690 362 2737 tuuc
372 2682 474 2737 sentina
484 2681 583 2753 gravis.
596 2689 659 2736 tune
668 2699 791 2737 summus
802 2682 913 2737 vertitur
922 2700 970 2738 aer.
