2250 3250
288 152 322 203 80
553 154 762 204 IUVENALIe

234 268 274 312 525
287 264 326 322 ut,
339 255 473 328 quidquid
481 256 564 322 subiti
574 263 600 310 et
610 255 698 330 magni
707 253 869 309 discriminis
880 253 977 320 instat,

289 332 317 386 in
327 331 429 386 tunicas
437 338 479 385 eat
487 340 512 403 et
521 339 605 385 totum
615 329 695 387 semel
706 329 793 400 expiet
802 345 913 384 annum.

288 404 434 461 Hibernum
444 406 522 460 fracta
530 405 614 478 glacie
623 405 760 476 descendet
769 404 796 458 in
810 420 932 474 amnem3
966 410 969 415 “

289 490 328 535 ter
337 481 466 538 matutine
475 481 562 534 Tiberi
572 487 714 553 mergetur,
725 487 751 534 et
759 478 824 551 ipeie

290 555 433 623 vorticibus
443 554 567 610 timidum
576 562 655 626 caput
663 553 765 609 abluet:
787 552 983 623 indeSuperbi·

236 642 274 686 525
289 639 372 686 totum
382 631 451 703 regis
462 647 556 703 agmm
568 629 638 685 nuda
647 646 678 684 ae
687 627 859 684 tremebunde
866 629 990 683 cruentis

290 714 375 776 erepet
385 706 504 777 genibus.
536 704 564 759 Si
574 704 684 759 eandida
697 703 802 758 iusserit
810 704 848 767 10,
879 718 883 723 ’

291 780 340 833 ibit
349 778 382 833 ad
392 780 503 852 Aegypti
514 778 603 847 finem,
614 778 751 849 calidaque
759 778 853 849 petitae

292 872 307 908 a
317 855 402 908 Meroe
412 853 524 925 portabit
532 870 624 925 aquea,
636 862 666 907 ut
675 860 781 926 spargat
792 852 820 905 in
832 850 925 906 aedem

292 928 379 990 Isidis,
393 929 503 999 antiquo
511 944 579 999 quae
588 926 708 999 proxima
717 927 802 1000 surgit
810 926 885 981 ovili.

239 1013 278 1057 535
292 1002 458 1057 creditenim
471 1003 555 1072 ipsius
564 1002 686 1055 dominae
695 1016 795 1056 555555
804 999 916 1055 moneri.

292 1077 332 1130 En
343 1077 462 1130 animum
472 1082 694 1141 etmentem,cum
700 1072 1037 1147 quaDinocteloquunturl

292 1150 1035 1223 Ergohicpraecipuumsummumquemereturhonorem,

293 1226 341 1296 qui
350 1242 429 1299 grege
439 1224 549 1297 linigero
558 1224 735 1280 circumdatus
747 1233 772 1278 et
781 1240 860 1296 grege
869 1223 947 1279 calve

294 1300 444 1374 plangentis
454 1300 544 1372 populi
554 1300 637 1354 currit
645 1298 746 1354 derisor
755 1297 867 1354 Anubis.

240 1388 279 1431 535
293 1376 340 1430 lile
349 1375 413 1447 petit
422 1375 536 1440 veniam,
547 1376 651 1447 quoties
661 1391 714 1430 nou
724 1372 837 1427 abstinet
845 1388 915 1427 uxor

293 1450 434 1506 concubitu
443 1451 524 1504 sacris
533 1448 757 1519 observandisque
766 1447 874 1502 diebus:

294 1519 444 1596 magnaque
455 1523 563 1577 debetur
574 1522 669 1576 violato
677 1538 758 1592 poena
766 1521 886 1579 cadurco.

293 1598 327 1653 Et
339 1598 454 1653 movisse
462 1604 541 1669 capnt
550 1597 607 1653 viee
619 1606 659 1654 est
670 1603 790 1672 argentea
801 1614 925 1668 serpens:

295 1673 367 1728 illius
377 1672 508 1730 lacrumae
516 1673 691 1745 meditataque
701 1689 837 1740 murmura
847 1679 989 1744 praestant,

241 1757 280 1803 tto
294 1758 325 1803 ut
334 1750 438 1801 veniam
450 1748 543 1818 eulpae
553 1766 605 1803 non
616 1749 722 1812 abnuet,
734 1765 825 1803 ansere
833 1764 934 1820 magno
1025 1765 1037 1816 ζ

295 1821 880 1894 scilicetettennipopanc.corruptus‚0siris.

332 1893 420 1961 Quum
435 1894 507 1948 dedit
516 1894 560 1950 ille
571 1895 672 1964 locum;
692 1897 805 1968 cophino
814 1893 1037 1967 scenoquerelicto

295 1986 417 2026 arcanam
426 1967 519 2024 iudaea
529 1978 645 2025 tremens
653 1971 787 2027 mendicat
797 1973 824 2024 in
834 1988 935 2036 aurem,
975 1997 981 2004 ·

295 2047 423 2115 interpres
434 2044 524 2117 legum
534 2045 702 2119 Solymarum
714 2043 739 2099 el
749 2062 845 2118 magna
854 2046 975 2100 sacerdos

242 2128 280 2174 555
296 2120 395 2174 arboris
405 2136 436 2173 ac
444 2122 544 2175 summi
555 2119 607 2175 fida
616 2119 775 2175 internuntia
785 2118 860 2174 coeli.

295 2194 388 2265 impiet
400 2202 425 2247 et
435 2193 479 2249 illa
489 2212 608 2259 menum,
620 2194 666 2249 sed
675 2193 793 2266 parcius:
815 2210 873 2248 aere
884 2192 989 2247 minute

295 2268 499 2339 qualiacumque
509 2269 581 2324 voles
593 2269 679 2324 iudaei
693 2269 796 2326 somnia
805 2267 943 2339 vendunt..

295 2342 410 2414 Spondet
419 2350 559 2397 amatorem
571 2352 699 2409 tenerum,
712 2342 753 2398 r'el
763 2342 853 2398 divitia
863 2341 920 2396 orbi

260 2429 263 2434 ·
296 2424 479 2471 testamentum
490 2417 594 2488 ingens,
605 2417 703 2473 calidae
712 2415 838 2490 pulmone
848 2415 985 2471 columbae

243 2503 281 2545 555
296 2498 411 2553 tractato,
420 2489 563 2544 Armenius
574 2490 615 2546 vel
626 2490 820 2565 Cornmagenue
830 2491 977 2563 herespem

297 2575 399 2638 pectora
410 2563 544 2635 pullorum
554 2566 665 2620 rimator
674 2576 699 2621 et
707 2575 765 2623 exte
774 2564 869 2629 catelli,

298 2642 429 2696 interdum
442 2646 467 2692 et
479 2642 566 2710 pueri,
588 2640 672 2706 saciet,
685 2641 756 2713 quod
765 2640 862 2695 deierat
871 2639 937 2710 ipse.
