2250 3250
299 215 347 269 ⁴30
480 204 486 214 “
562 220 773 268 ruvanaare

296 319 443 377 Prandabat
453 319 505 377 eibi
515 320 717 393 quisquamne,
730 339 778 377 nea
788 320 866 377 turba
875 320 988 378 deorum

295 396 365 460 talis,
377 403 408 452 ut
416 403 456 452 est
464 395 552 460 hodie,
563 404 737 468 eontantaque
746 396 832 451 sidera
844 397 935 469 paucis

298 471 455 526 numinibus
464 471 591 525 miserum
603 472 733 544 urgebant
743 470 847 527 Atlanta
858 472 954 526 minori

297 545 417 617 pondere
449 544 574 600 Nondum
584 543 683 616 aliquia
692 545 799 600 sortitus
809 546 883 599 triete
891 545 1022 616 profundi

242 632 267 674 aa
297 622 447 692 imperium,
460 627 506 674 aut
517 618 605 674 Sicula
614 628 705 695 torvae
715 624 777 674 'num
786 620 899 691 uaniuge
908 620 1017 675 Pluton.

297 697 350 750 Nea
359 702 422 758 rota,
434 694 595 758 neoburiae,
608 711 656 749 nee
664 710 770 759 saxum,
782 701 828 748 aut
836 694 951 748 vulturis
961 695 1014 748 atri

297 786 393 842 poena3
414 769 462 843 ead
472 767 581 823 infernis
592 768 755 823 biiares'eine
768 768 874 843 regibus
888 769 1010 823 umbrae.

298 843 453 915 improbitas
464 841 510 898 ilio
518 842 569 897 iuit
577 841 741 897 admirabilis
751 859 824 898 aevo.

248 928 250 931 ’
298 918 445 974 Credebant
453 918 503 973 boe
511 916 612 990 grande
621 917 694 972 naias
702 924 727 971 at
738 923 820 972 mnne
832 916 971 988 piandum,

243 1005 268 1048 55
297 993 320 1048 ei
331 993 435 1047 iuvenis
445 991 533 1046 vetulo
541 1008 595 1046 nnn
606 991 796 1054 adsurrexerat,
808 997 834 1045 et
843 991 867 1045 ei

222 1107 226 1114 -
299 1066 406 1125 barbata
414 1066 574 1136 ruinamque
586 1080 661 1136 puer,
673 1066 731 1120 linet
742 1066 799 1137 ipae
809 1065 909 1133 uideret

298 1140 374 1212 plura
383 1140 455 1195 domi
465 1139 547 1214 fraga,
559 1145 585 1194 et
594 1139 706 1195 maiores
716 1139 821 1215 glandis
833 1157 949 1196 acervos.

299 1216 364 1271 Tam
375 1214 523 1271 venerabile
532 1220 594 1278 erat,
606 1215 758 1285 praeoedere
767 1223 881 1287 quatuor
890 1215 978 1279 annia,

298 1291 437 1363 primaque
445 1307 493 1361 par
501 1289 566 1344 adeo
575 1305 663 1345 aaarae
672 1289 769 1364 lanugo
778 1290 909 1345 senectae!

245 1378 271 1420 ta
298 1367 385 1429 Nunc,
396 1365 419 1420 ei
432 1365 580 1437 depositum
591 1381 644 1420 non
654 1365 782 1420 infitietur
791 1365 902 1428 amicus,

296 1441 322 1495 ei
336 1440 426 1495 reddet
435 1448 548 1494 veterem
559 1455 622 1493 cum
631 1446 682 1494 tnta
696 1440 821 1511 aerugine
829 1437 927 1501 follem,
999 1458 1004 1462 ·

298 1515 448 1587 prodigiosa
461 1513 526 1587 fides
535 1514 664 1568 etTusaie
672 1514 753 1587 digna
764 1511 869 1577 libellis,

298 1604 420 1662 quaeque
432 1594 551 1642 eoronata
561 1586 667 1643 iustrari
677 1587 770 1643 debeat
779 1603 856 1661 agne.

159 1716 161 1720 ,
183 1701 186 1708 -
260 1689 263 1694 ·
298 1664 442 1738 Egregium
452 1663 855 1735 sanctumquevirumsiaerm,
868 1660 1011 1716 bimembri

245 1751 270 1793 ⁶5
297 1739 348 1794 hoc
357 1746 505 1798 monstrum
518 1753 601 1810 puero
610 1744 635 1792 et
644 1738 751 1792 miranti
760 1737 812 1791 iarn
825 1735 877 1790 sub
887 1741 973 1789 aratro

297 1812 417 1883 piscibus
432 1813 555 1875 inventis,
568 1819 593 1865 et
602 1811 799 1883 ietaeanmparn
808 1809 906 1872 mulae,

275 1941 282 1956 „
298 1883 435 1949 sollicitus,
448 1892 584 1956 tamquam
594 1885 695 1956 lapides
704 1885 824 1941 effuderit
833 1884 928 1949 imber,

257 1976 260 1980 ’
298 1978 330 2015 ex
375 1977 442 2014 enve
452 1960 542 2031 apium
553 1958 630 2032 longa
639 1959 786 2014 consederit
797 1976 851 2015 uva

298 1975 415 2089 auidiine
423 2034 536 2099 delubri,
547 2042 684 2105 tamquam
695 2035 722 2088 in
734 2051 807 2088 mara
816 2031 923 2089 duxerit
931 2033 1019 2088 amnia

193 2109 195 2116 ‘
244 2120 270 2162 tn
297 2110 450 2183 gurgitibus
459 2110 535 2164 miris
545 2117 571 2163 et
580 2108 654 2163 lactis
664 2109 759 2163 vortice
768 2116 880 2164 terrene.

335 2186 478 2255 Intercepta
488 2185 576 2238 decem
587 2183 705 2254 quereris
714 2184 830 2237 sestertia
842 2181 935 2238 fraude

298 2257 442 2331 sacrilega?
468 2257 548 2325 Quid,
559 2258 584 2312 ei
597 2257 752 2312 bieeentum
763 2257 876 2328 perdidit
885 2255 949 2311 ulter
1109 2263 1110 2308 i

298 2333 348 2388 boe
357 2350 450 2388 amana
461 2331 558 2387 modo?
576 2332 701 2387 maiorem
715 2333 805 2387 tertius
814 2331 860 2386 iilo
1109 2321 1110 2414 i

297 2425 442 2471 summam,
455 2423 537 2478 quam
551 2405 656 2477 patulae
666 2403 946 2479 vixeeperatangulua
958 2399 1048 2459 amani
1069 2457 1072 2482 Ι
1109 2421 1110 2454 r

246 2497 270 2540 ta
298 2486 363 2538 Tam
375 2477 1045 2552 faciteetpronumesr,super0soontemnerete'sue‚

299 2560 323 2615 si
333 2556 451 2613 mortalis
460 2554 530 2610 idem
542 2571 620 2609 nemo
629 2556 707 2610 arieti
728 2555 849 2627 Adspice,
861 2561 963 2626 quanta

300 2650 362 2690 voce
374 2631 464 2706 negeti
484 2646 553 2704 quae
566 2629 602 2683 sit
611 2628 664 2683 ficti
674 2631 818 2685 nonetantia
828 2628 935 2684 vultus!
950 2643 954 2649 ’

300 2712 348 2778 Per
357 2708 425 2780 Solis
434 2705 521 2780 radiae
531 2704 693 2775 Tarpeiaque
702 2703 895 2799 tulminaaiurat
