2250 3250
267 174 302 232 st
527 179 740 228 ruvuuturs

212 292 239 336 to
267 281 354 349 iretis3
376 285 403 336 at
415 286 443 336 tu
454 278 549 337 victrix
558 280 692 352 provincie
702 278 809 352 plores?

306 357 375 423 Haeo
384 372 433 430 ego
443 372 496 411 non
506 355 611 410 credam
621 355 757 411 Venusina
767 355 850 428 digna
860 348 993 411 lucerne?

268 430 390 505 beecegc
401 448 454 485 non
464 429 580 504 egitsm‘i
597 429 648 485 Sed
662 430 729 501 quid
738 431 825 503 magis
835 429 987 496 Heracleas,
1025 440 1029 445 ’

268 515 315 562 sut
324 504 488 567 Diomedeas,
501 511 547 559 eut
558 504 693 577 mugitum
703 503 871 578 Labyrinthi,

138 634 140 639 Α
269 588 295 635 et
307 595 380 634 mers
392 594 548 650 percussum
560 595 652 650 puero.
663 577 824 650 fabrumque
832 577 992 635 volentem?

214 665 239 708 55
267 654 357 722 Quum
368 651 428 707 leno
440 653 548 724 accipiat
558 652 660 708 moechi
669 653 749 717 bona,
761 654 784 707 si
794 653 917 724 capiendi

269 730 312 785 ius
322 726 428 785 nulium
435 728 526 791 uxori,
538 728 631 783 doctus
640 735 756 799 spectare
765 725 884 792 lacunar,

271 803 364 859 doctus
376 809 401 857 et
410 801 445 857 ad
454 801 561 857 calicem
571 801 693 875 vigilanti
703 808 809 856 stertere
818 820 898 870 neso;

271 895 357 952 quum
367 876 407 932 ies
417 894 475 933 esse
483 883 557 948 putet
567 872 658 931 curer‘n
668 892 772 948 sperare
782 875 906 941 cohortis,

270 953 318 1027 qui
328 953 396 1008 bona
406 952 515 1007 donavit
523 951 695 1022 praesepibus
705 956 730 1005 et
739 958 809 1005 caret
821 951 896 1006 omni

215 1038 241 1082 to
270 1027 400 1083 maiorum
408 1042 501 1089 censu,
513 1025 579 1079 dum
590 1024 708 1096 pervolet
716 1042 765 1080 axe
774 1025 851 1080 citato

269 1100 442 1166 Flaminiam
463 1098 538 1171 (puer
546 1099 713 1154 Automedon
723 1117 786 1155 nam
796 1097 852 1155 iore
862 1101 979 1166 tenebat,

270 1177 327 1248 ipse
337 1173 481 1228 lacernatae
489 1175 728 1244 quumseiacteret
736 1173 845 1247 emices)

200 1284 203 1289 >
269 1265 357 1307 nonne
369 1246 433 1303 libet
442 1248 529 1305 medio
538 1266 611 1304 ceres
622 1247 731 1320 implere
742 1265 851 1321 capaces

270 1321 431 1399 quadrivio?
449 1341 534 1395 quum
544 1324 598 1379 iem
608 1331 682 1378 sexte
691 1323 790 1378 cervice
800 1323 899 1379 feratur

218 1411 244 1456 tt
272 1399 338 1458 hinc
347 1406 426 1471 etque
435 1398 497 1454 inde
510 1406 602 1471 patens
611 1394 722 1454 senode
733 1416 816 1470 paens
825 1399 950 1454 cathedre

269 1482 296 1532 et
304 1471 420 1528 multum
430 1472 543 1528 reterens
553 1472 586 1533 de
594 1474 741 1528 Maecenate
750 1473 849 1544 supino

269 1548 396 1621 signator.
408 1545 475 1602 falso
484 1548 532 1619 qui
545 1565 574 1602 se
587 1546 689 1602 lautum
700 1555 779 1620 etque
788 1548 898 1603 beatum

269 1620 375 1696 exiguis
384 1620 482 1677 tubulis
493 1629 519 1678 et
527 1640 634 1697 gemme
644 1620 738 1678 feceret
746 1621 819 1678 uda?

133 1762 136 1768 .
273 1696 392 1756 Occurrit
401 1705 519 1763 metrone
530 1706 631 1770 potens,
647 1712 724 1769 quae,
738 1697 818 1752 molle
828 1696 960 1754 Calenum

216 1783 244 1827 to
270 1779 430 1846 porrectura,
441 1772 498 1827 viro
508 1774 600 1828 miscet
609 1773 712 1827 sitiente
721 1772 851 1837 rubetam,

272 1844 439 1917 instituitque
450 1845 529 1901 rudes
540 1846 632 1901 melior
641 1847 752 1902 Locusta
763 1846 929 1919 propinques

219 1969 229 1986 ,
271 1937 319 1996 per
328 1918 425 1974 famum
434 1927 460 1975 et
469 1920 599 1993 populum
609 1920 700 1993 nigros
709 1920 799 1977 efferre
807 1923 928 1977 maritos.

310 1993 386 2052 Aude
394 1994 497 2067 aliquid
506 1996 633 2054 brevibus
643 1996 740 2070 Gyaris
750 2002 776 2058 et
784 2012 886 2052 carcere
896 1996 1027 2070 dignum,

273 2069 297 2124 si
307 2068 416 2124 visesse
426 2070 536 2142 aliquis:
557 2071 676 2143 probitas
686 2069 844 2126 iuudutnret
856 2070 945 2145 alget:

218 2156 245 2201 tt
272 2142 430 2201 criminibus
440 2143 536 2202 debent
547 2146 645 2212 hortos,
656 2153 793 2219 praetoris,
806 2163 923 2210 mensas,

273 2224 412 2292 argentum
422 2226 498 2273 vetus
508 2227 532 2275 et
544 2229 656 2277 stentem
666 2228 738 2276 extro
747 2220 842 2293 poculo
851 2237 974 2293 caprum.

274 2293 359 2361 Quem
368 2292 466 2363 petitur
474 2292 589 2351 dormire
600 2305 685 2350 nurus
694 2305 828 2367 corruptor
838 2311 943 2359 avarae,

274 2384 356 2441 quem
366 2383 479 2438 sponsae
488 2375 578 2440 turpes
591 2377 616 2423 et
627 2377 804 2441 praetextatus
815 2368 938 2425 adulteri

274 2443 302 2499 Si
313 2448 405 2497 nature
418 2450 504 2516 neget,
516 2443 578 2499 iecit
588 2443 735 2519 indignatio
743 2447 861 2509 versum,

221 2530 247 2574 to
276 2516 489 2593 qualemcunque
497 2526 591 2591 potest,
606 2519 698 2592 quales
740 2519 810 2580 ovet
821 2519 980 2576 Cluvienus.

315 2593 358 2650 Ex
367 2609 422 2666 quo
431 2592 580 2658 Deucalion,
593 2595 692 2649 nimbis
701 2602 728 2649 to
738 2594 854 2651 lentibus
864 2611 974 2666 aequor,

277 2669 384 2747 navigio
394 2675 509 2725 montem
519 2669 636 2726 escendit
644 2677 780 2741 sortesque
789 2669 918 2741 poposcit,
