2250 3250
288 161 321 215 56
549 161 765 210 ruvuuuurs
793 131 796 136 ’

234 276 260 320 to
288 263 450 335 temporibus
459 261 524 319 diris
534 263 668 318 tractanda
677 261 789 334 putabat
801 261 899 318 inormi

181 346 185 361 ¹
290 338 396 393 iustitia.
426 338 505 396 Venit
513 337 634 411 otCrispi
644 336 759 391 iucunda
772 345 907 403 senectus,

287 413 364 468 ouius
373 420 447 468 eraut
458 429 553 477 morou,
566 412 654 484 qualis
663 409 796 474 facundia,
811 412 878 466 mito

258 530 262 533 -
289 487 437 560 ingenium.
466 486 548 541 Maria
558 503 589 540 ao
599 493 680 540 terras
689 486 859 557 populosque
872 486 979 560 regenti

288 562 350 634 quis
359 577 446 615 onmes
454 560 554 624 utilior,
570 559 674 614 sicfada
685 563 710 612 ot
719 567 792 629 peste
801 561 854 614 sub
864 561 910 614 iliu

234 646 260 690 ⁸5
287 635 423 690 saevitiam
434 635 561 689 damnare
572 636 597 688 ot
606 635 746 687 honestum
757 631 825 688 forro
835 633 927 691 liceret

236 716 243 721 “
288 707 449 764 oonsilium‘i
467 708 519 763 Sod
527 708 595 779 quid
607 707 747 762 violentius
758 724 823 761 aura
835 709 958 781 tyranni,

289 799 350 838 oum
359 799 414 855 quo
423 782 456 838 do
466 782 567 855 pluviis
576 788 622 836 aut
630 780 747 836 aestibus
757 787 804 835 aut
813 781 941 837 nimboso
1004 782 1008 789 ’

289 874 350 913 vero
358 857 494 929 loquuturi
504 856 588 911 fotum
597 854 725 927 pendebat
734 855 834 909 amici?
973 917 980 922 ,

289 931 336 986 Ille
345 932 426 1005 igitur
436 928 585 1003 numquam
594 929 691 985 direxit
700 929 809 984 brachia
818 934 911 1003 oontra
958 986 965 993 ,

234 1017 260 1060 uu
289 1013 442 1073 torrentem
465 1023 512 1061 noo
522 1004 662 1069 civianum,
674 1004 723 1075 qui
733 1003 816 1058 libera
827 1007 918 1075 pooset

288 1080 369 1135 verba
381 1081 462 1133 animi
473 1075 595 1151 proferre,
609 1086 635 1134 ot
644 1078 726 1133 vitam
736 1078 892 1149 impendero
901 1095 977 1135 vero.

288 1153 332 1208 Sin
340 1153 437 1208 multas
447 1153 557 1227 hyemes
567 1152 814 1226 aupuaoctogesima
823 1153 894 1221 vidit
1003 1150 1012 1167 “

289 1226 408 1293 solstitia,
421 1227 463 1282 his
474 1229 555 1282 armis
565 1228 611 1282 illa
620 1244 728 1300 quoque
738 1232 812 1282 tutus
821 1227 850 1282 in
861 1227 935 1283 aula.

288 1302 430 1358 Proximus
440 1302 559 1357 eiusdem
570 1301 726 1374 properabat
735 1300 837 1356 Acilius
849 1303 909 1358 aevi
949 1340 958 1347 „

234 1389 260 1432 95
288 1394 350 1433 cum
361 1377 465 1443 iuvene,
481 1376 689 1450 indigno‚quem
697 1392 770 1430 mors
777 1383 1036 1434 tamsaevamonerot

289 1460 314 1508 et
323 1453 428 1509 Domini
437 1452 534 1527 gladiis
544 1459 597 1505 tam
608 1451 737 1525 sentinata.
762 1449 889 1506 Sodolim

289 1527 411 1598 prodigio
418 1543 467 1597 par
476 1532 515 1580 est
525 1524 553 1578 in
564 1524 699 1578 nobilitato
711 1531 844 1579 senectus.

248 1661 256 1672 ,
289 1600 363 1656 Unde
373 1599 411 1665 fit,
424 1606 454 1655 ut
463 1597 556 1656 malim
565 1596 720 1655 fraterculus
732 1616 791 1655 esso
800 1600 954 1673 gigantum.

289 1673 389 1729 Profuit
399 1691 461 1749 orgo
471 1673 538 1730 nihil
550 1674 655 1740 misero,
665 1673 738 1746 quod
747 1676 871 1729 cominus
880 1694 958 1733 ursos

235 1761 274 1805 1111
290 1749 386 1822 figebat
395 1750 533 1814 Numidas,
549 1748 649 1804 Albano
660 1748 749 1804 nudus
759 1766 839 1804 arona

290 1830 406 1879 venator.
439 1823 505 1890 Quis
514 1822 586 1877 enim
597 1823 650 1877 iam
661 1840 714 1879 nou
725 1822 856 1897 intelligat
868 1832 936 1881 artes

289 1895 430 1970 patricias?
448 1898 511 1970 quia
521 1897 638 1969 priscum
648 1897 837 1953 illudmirotur
846 1916 965 1964 acumen,

289 1973 377 2036 Bruto,
388 1971 483 2028 tuum?
501 1972 589 2028 Facile
598 1980 638 2028 est
646 1972 754 2036 barbato
764 1972 901 2044 imponere
913 1975 974 2048 regi.

290 2048 344 2102 Neo
353 2048 444 2103 melior
453 2046 540 2114 vultu,
552 2048 676 2119 quamvis
687 2046 822 2120 ignobilis,
834 2048 890 2102 ibat

236 2133 275 2177 115
289 2122 415 2188 Rubrius,
426 2121 539 2178 offensae
547 2122 644 2179 veteris
653 2139 716 2177 roua
724 2128 803 2193 atque
811 2124 943 2190 tacendae,

290 2204 315 2253 et
323 2203 410 2252 tamon
420 2198 566 2269 improbior
574 2197 681 2252 satiram
691 2196 820 2251 scribente
829 2197 946 2252 cinaedo.

290 2272 407 2328 Montani
417 2289 525 2346 quoquo
534 2279 625 2328 ventor
633 2271 714 2336 adest,
727 2270 869 2326 abdomina
879 2272 973 2338 tardus,

290 2354 316 2401 ot
325 2348 454 2422 matutino
463 2349 563 2403 sudans
576 2347 715 2419 Crispinus
725 2362 839 2410 amomo,

291 2429 421 2494 quantum
432 2419 781 2488 vixredoloniduofunera3
803 2420 957 2476 saevioriilo

238 2506 277 2552 11⁰
291 2497 433 2568 Pompeius
443 2497 515 2552 tonui
528 2495 635 2569 iugulos
645 2493 746 2567 a'perire
755 2511 880 2565 susurr03
963 2547 965 2552 .

291 2578 325 2637 ot,
340 2573 388 2644 qni
398 2572 550 2628 vulturibus
559 2571 789 2626 sorvabutvisoera
798 2570 884 2635 Dacis,

291 2647 404 2714 Fuscus,
416 2662 562 2703 marmorea
572 2646 713 2701 meditatus
722 2643 820 2719 proelia
828 2643 902 2712 vilra,
