2250 3250
286 176 319 232 tt
418 170 425 183 ”
553 164 818 229 ruvnuams'
951 243 960 253 ,

286 292 311 339 et
319 291 392 355 pater
401 281 487 354 Ipsius
496 288 595 343 coetus.
607 298 640 336 ne
650 278 736 349 turpia
746 276 861 339 ludant„

231 367 272 412 240
287 377 320 412 ne
332 357 426 412 laniant
436 358 548 412 vicibus.
577 358 636 411 Non
646 361 686 410 ast
694 354 759 416 leve,
770 359 966 421 tot‘puerorum

151 442 153 445 ’
286 434 532 487 observaremanus
541 426 944 503 oculosqueinlinetrementes.

286 508 363 571 llaec,
374 507 470 578 iuquit,
481 522 567 566 cures.
578 512 613 571 et,
626 520 712 576 quum
720 518 750 556 se
761 500 979 565 remeabamus,

287 581 384 653 accisis,
398 581 489 637 victori
498 579 615 653 populus
625 577 698 651 quod
706 573 830 650 postulat,
842 590 965 635 nurum„

472 812 713 872 SATIRA
759 812 853 869 VIII.

290 957 332 995 au
339 957 365 994 G.
378 955 411 992 ne
423 953 480 991 vitiis
490 953 601 1013 nobilium,
614 952 686 1003 quibus
694 951 806 1001 opponitur
814 962 861 988 vern
872 947 1049 996 nobilitantque

283 1023 285 1027 ’
625 1016 690 1054 virtus

329 1091 477 1153 Stemmata
492 1097 558 1170 quid
572 1095 689 1153 loeium?
696 1096 778 1226 ¹0quid
795 1095 910 1169 prodest,
922 1093 1045 1160 Pontice,

721 1187 775 1226 uo

291 1246 540 1321 sanguineoenseri
552 1252 688 1320 pictosque
696 1189 831 1301 ostgndere
840 1242 932 1299 vultus

292 1325 433 1386 maiorum,
446 1329 471 1375 et
480 1329 579 1377 stantes
588 1322 616 1377 in
625 1321 748 1376 curribus
758 1318 930 1383 Aemilianos,

292 1407 318 1453 et
328 1398 421 1454 Curios
430 1398 483 1450 iam
493 1397 627 1461 dimidios,
639 1396 818 1467 humerosque
828 1394 957 1457 miuorem

239 1486 252 1528 t
293 1473 448 1538 Coruinum,
464 1479 490 1524 et
504 1471 617 1525 Galbam
627 1470 753 1525 auriculis
763 1464 1046 1540 assequens-entem?

292 1544 358 1612 Quis
369 1543 470 1598 fructus
478 1545 583 1615 generis
592 1543 682 1598 tabula
690 1545 784 1600 iactare
791 1544 880 1615 capaci

305 1618 673 1690 Corvinum,posthacmulta
683 1621 836 1694 contingere
846 1613 930 1691 virga]

304 1711 408 1749 amosos
417 1694 544 1766 Equitum
555 1711 618 1750 cum
627 1696 755 1750 Dictatore
764 1694 912 1767 magistros,

293 1771 317 1823 si
329 1785 417 1822 coram
427 1768 533 1837 Lapidis
542 1769 612 1823 male
621 1769 739 1825 vivitur?
756 1766 865 1841 EffigIes
873 1783 929 1839 quo

240 1853 266 1894 ro
293 1849 330 1895 tot
342 1839 509 1905 bellatorum,
520 1842 543 1894 si
555 1840 658 1897 luditur
666 1842 721 1898 alea
731 1859 833 1915 pernox

293 1922 353 1970 anto
361 1914 550 1984 Numantinum
572 1917 596 1971 si
604 1916 720 1973 dormire
728 1917 826 1989 incipis
834 1923 894 1976 ortu

294 1988 416 2055 LuciIeri‚
427 2005 481 2062 quo
490 1990 567 2064 sIgna
575 1989 656 2047 duces
665 1999 691 2047 et
699 1999 783 2047 castra
794 1987 952 2046 mouebant?

295 2065 530 2138 CurAllobrogieis
539 2074 565 2120 et
573 2084 669 2139 magna
679 2066 792 2140 gaudeat
801 2082 845 2120 ara
937 2110 938 2113 ,

294 2147 372 2193 natus
383 2140 411 2194 in
421 2140 545 2206 Herculeo
554 2141 654 2195 Fabius
664 2141 726 2206 lare,
736 2141 761 2195 si
770 2139 893 2211 cupidus,
905 2138 930 2193 si
1017 2161 1022 2168 ·

240 2223 266 2265 15
293 2229 380 2268 vanus
392 2221 418 2267 et
426 2214 552 2287 Euganea
564 2216 738 2287 quantumvis
747 2215 852 2270 mollior
861 2209 948 2287 agna?

294 2287 319 2340 si
329 2294 448 2341 tenerum
457 2287 568 2343 adtritus
579 2289 712 2345 Catinensi
722 2289 828 2362 pumice
837 2287 962 2342 lumbum

295 2361 447 2431 squalentes
455 2363 577 2432 producit
584 2380 657 2429 aros,
670 2371 807 2436 cantorque
815 2362 911 2420 veneni

295 2434 439 2507 frangenda
449 2436 573 2490 miseram
585 2435 700 2493 funestat
709 2433 959 2512 Imaginegenteml

296 2509 359 2563 Tota
370 2508 429 2563 lieet
436 2516 536 2564 veteres
547 2519 675 2567 exornent
684 2512 884 2586 undiqueoerae

241 2593 268 2637 to
296 2585 370 2645 atala.
382 2582 505 2638 nobilitas
515 2583 571 2639 sola
579 2593 619 2640 est
628 2600 706 2658 atque
714 2588 792 2642 unica
805 2590 901 2643 virtus.

296 2658 395 2716 Paulus
405 2656 446 2715 vel
456 2658 555 2714 Cossus
565 2658 606 2716 'vel
617 2661 718 2735 Drusus
728 2662 848 2717 moribus
856 2667 926 2720 estet
