2250 3250
352 171 496 220 SATIRA
513 171 547 219 V.
789 162 819 218 21

18 298 20 303 ’
72 272 180 349 fregerit
189 271 323 336 articulos
336 272 430 327 veteris
440 271 549 327 muralia
562 270 630 344 sagi:

24 382 29 395 ·
73 358 132 406 tum
142 365 247 410 crassos
260 347 385 402 transisse
394 346 461 413 dies,
476 345 617 416 lucemque
626 343 779 416 palustrem,
854 351 897 403 oo·

74 434 99 482 et
109 425 163 479 sibi
175 422 229 478 iam
239 422 292 476 seri
304 422 385 477 vitam
398 421 549 495 ingemuere
559 419 685 475 relictam.

18 534 22 587 t
75 497 291 555 Attanocturnis
301 498 375 552 iuvat
383 495 561 568 impallescere
570 494 678 550 chartis.

18 590 20 621 t
76 574 167 630 Cultor
176 571 250 627 enim
260 572 389 627 iuvenum
399 579 524 644 purgatas
534 570 629 625 inseris
637 584 714 624 aures

18 650 20 705 ζ
77 649 153 722 fruge
163 646 314 703 Cleanthea.
348 646 428 700 Petite
437 645 500 700 hine
508 646 672 716 iuvenesque
682 657 812 712 senesque

77 724 159 778 sunem
170 721 263 778 animo
271 727 383 784 certum,
394 720 554 792 miserisque
562 719 657 775 viatica
668 717 751 772 canis.
761 745 799 756 -
856 723 882 766 65

18 792 19 795 '
78 797 144 853 cras
153 799 202 851 hoo
211 799 254 865 fiet
263 797 385 879 ι’άρυι-
393 791 457 847 Cras
467 789 528 845 fiet?
536 821 575 832 -
586 787 675 856 Quid?
684 792 761 856 quasi
771 803 827 838 mo-

544 882 631 932 pauor,

78 951 167 1003 nempe
181 937 258 995 diem,
272 936 363 987 donas.
374 963 411 975 -
420 932 472 991 Sed
484 951 571 1007 quum
584 933 630 989 lux
642 932 722 989 altera
733 932 819 997 venit,¹

78 1009 130 1064 iam
139 1025 201 1062 cras
213 1006 367 1069 hesternum
377 1010 589 1064 oonsumsimus:
610 1026 668 1064 ecoe
678 1007 818 1064 aliudcras

78 1083 159 1158 egerit
169 1082 220 1137 hos
230 1099 323 1147 annos,
335 1089 360 1136 et
372 1100 476 1154 semper
485 1082 606 1155 paullum
616 1084 666 1139 erit
674 1083 751 1139 ultra.

78 1160 146 1214 Nam
156 1157 283 1229 quamvis
296 1173 377 1228 prope
386 1164 420 1222 te,
432 1158 557 1230 quamvis
567 1166 670 1214 temone
678 1159 730 1213 sub
739 1175 794 1214 uno
856 1169 883 1211 ta

77 1241 222 1289 vertentem
233 1248 299 1296 sese,
310 1229 407 1286 frustra
417 1232 546 1288 sectabere
555 1233 693 1298 canthum,

79 1325 165 1381 quum
174 1313 230 1361 rota
240 1305 366 1378 posterior
375 1323 465 1361 curras
476 1315 501 1362 et
511 1308 538 1363 in
548 1325 598 1363 axe
606 1307 732 1363 secundo.
739 1337 779 1349 -

116 1380 249 1438 Libertate
257 1397 325 1453 opus
334 1389 382 1447 est,
403 1381 524 1447 naahas,
537 1399 620 1509 (lp-uam
630 1380 844 1453 utquisquaVe·

551 1474 596 1510 rna

18 1586 19 1589 ,
78 1532 192 1588 Publius
202 1530 323 1595 emeruit,
334 1531 488 1586 scabrosum
498 1529 626 1587 tesserula
636 1529 676 1585 iar

18 1598 20 1634 ³
79 1607 208 1681 possidet.
237 1606 294 1662 Heu
304 1604 405 1661 steriles
417 1606 483 1671 vrri,
495 1606 595 1678 quibus
604 1624 658 1661 una
668 1604 798 1673 Quiritem
858 1615 885 1659 75

79 1684 182 1758 vertigo
192 1680 266 1737 facit!
287 1682 337 1735 Hic
345 1681 426 1735 Dama
435 1687 474 1734 est
483 1698 537 1736 non
548 1680 638 1735 tressis
646 1697 736 1753 agaso.

79 1776 165 1831 vappa
176 1765 202 1812 et
212 1756 311 1828 lippus,
325 1763 350 1810 et
364 1755 391 1810 in
401 1755 474 1811 tenui
484 1754 616 1829 farragine
625 1754 754 1811 mendax:

80 1833 186 1889 verterit
196 1831 270 1887 huno
279 1830 413 1894 dominus,
426 1839 559 1886 momento
569 1831 683 1887 turbinis
693 1832 748 1886 exit

80 1905 831 1979 MarousDama.—Papael-Marcospoudentereousas

80 1984 186 2039 eredere
198 1989 228 2037 tu
238 1978 423 2060 nummosi-5
433 1981 519 2037 Marco
529 1982 581 2055 sulp
592 1982 678 2037 iudioe
686 1979 829 2053 pallest—
859 1990 886 2032 ao

81 2059 186 2115 Marcus
200 2054 276 2111 dixit
288 2057 374 2111 -Ita
388 2063 437 2111 ost.
448 2086 486 2098 —
500 2062 625 2126 Adeipoo,
635 2057 735 2120 Marce,
750 2057 832 2110 tabet·

543 2136 593 2187 los.
606 2162 644 2172 -

82 2208 150 2263 Haeo
160 2189 232 2261 mera
243 2203 363 2270 libertas:
383 2204 453 2261 hano
462 2205 539 2261 nobis
549 2206 619 2278 pilea
628 2205 739 2278 donant,

82 2285 122 2338 An
130 2286 271 2352 quisquam
280 2290 317 2335 eat
328 2284 398 2336 olias
408 2284 481 2345 liber,
495 2286 549 2337 nisi
556 2286 651 2342 dooere
659 2286 741 2337 vitam

83 2362 126 2412 oui
135 2360 196 2411 ticet
205 2363 235 2409 ut
244 2355 345 2410 voluit?
363 2356 540 2412 Ltoetatoolo
550 2362 650 2413 vivere:
668 2372 787 2416 notatum

83 2435 191 2488 liberior
200 2428 304 2496 Bruto?
312 2461 350 2472 —
361 2430 506 2486 »Mendosa
514 2429 644 2505 colligis«,
657 2429 745 2502 inquit
862 2438 887 2481 85

82 2506 186 2564 Stoicus
197 2505 249 2569 hio,
261 2522 352 2561 aurem
361 2504 477 2561 mordaci
488 2505 558 2561 lotus
567 2513 645 2562 aceto.

84 2583 173 2670 siiaec
194 2578 307 2654 (reliqua
327 2580 450 2656 accipio):
472 2578 607 2710 licetoilta
619 2578 832 2707 prolativam,
