2250 3250
358 173 499 220 sauma
522 176 544 219 1.
791 171 824 225 33

115 270 168 328 Cur
180 279 268 327 tamen
277 271 328 327 boc
338 273 426 344 potius
436 273 514 329 libeat
524 274 661 329 decurrere
668 293 771 346 campo,

81 363 125 417 per
139 364 217 418 quem
231 365 347 420 magnus
363 350 446 420 equos
455 345 597 403 Auruncae
605 347 678 403 flexit
688 349 823 416 alumnus,
853 361 880 404 20

80 422 104 474 si
112 429 184 477 i'acat
193 429 217 476 et
225 421 323 494 placidi
333 423 460 478 rationem
470 422 617 489 admittitis,
630 423 718 478 edam.

80 496 165 562 Quum
176 504 247 551 tener
256 514 366 553 uxorem
378 497 456 552 ducat
465 497 555 570 spado,
568 499 669 554 Maevia
680 499 797 561 Tuscum

82 571 141 644 ligat
150 589 242 643 aprum
253 579 278 626 et
288 572 359 627 nuda
369 578 455 628 teneat
464 572 594 628 venabula
603 591 734 642 mamma;

8 640 9 667 ³
82 647 197 716 patricios
207 664 300 701 omnes
310 647 406 718 opibus
417 665 502 720 quum
513 656 634 719 provocet
643 666 725 714 unus,

82 738 132 792 quo
142 721 264 777 tondente
276 722 366 795 gravis
376 722 467 778 iuveni
477 723 543 778 mihi
556 723 639 778 barba
648 724 771 780 sonabat:
853 734 878 776 25

8 796 9 809 ’
82 813 161 866 quum
171 814 233 868 pars
242 796 357 851 Niliacae
366 795 460 867 plebis,
471 814 557 870 quum
568 815 649 853 verua
660 798 760 872 Canopi

81 870 224 943 Crispinus,
238 871 332 946 Tyrias
341 872 452 926 humero
461 867 597 927 revocante
607 872 733 938 lacernas,

79 946 183 1001 ventilet
194 947 325 1002 aestivum
336 945 426 1020 digitis
436 946 594 1002 sudantibus
604 963 710 1012 aurum,
723 976 729 982 ·

8 1080 10 1089 ,
79 1038 123 1076 nee
132 1021 242 1078 sufferre
251 1028 330 1094 queat
342 1021 449 1077 maioris
458 1020 573 1094 pondera
586 1039 719 1096 gemmae:

78 1096 183 1152 difficile
191 1104 240 1162 est,
252 1097 359 1153 satiram
368 1097 552 1152 conscribere.
573 1097 708 1171 Namquis
717 1097 824 1173 iniquae
852 1108 878 1150 ao

8 1182 9 1193 ¹
77 1180 127 1226 tam
138 1172 243 1244 patiens
256 1171 340 1237 urbis,
351 1177 405 1226 tam
416 1172 525 1236 ferreus,
536 1179 566 1226 ut
576 1179 660 1228 teneat
668 1191 706 1237 se,

78 1247 204 1302 causidici
214 1263 282 1301 nova
295 1264 381 1320 quum
391 1247 479 1303 veniat
489 1245 577 1304 lectica
589 1247 721 1302 Mathonis

77 1320 151 1393 plena
162 1320 241 1393 ipso?
258 1319 398 1393 posthunc
408 1321 498 1396 magni
509 1320 608 1377 delator
616 1322 694 1377 amici

77 1398 160 1452 etcito
171 1403 296 1469 rapturus
306 1395 339 1451 de
348 1396 483 1451 nobilitate
492 1413 596 1452 comesa
653 1408 656 1413 ·

77 1472 147 1545 quod
166 1478 294 1544 superest,
316 1488 396 1544 quem
410 1472 496 1528 Massa
514 1470 598 1599 fimet,
618 1487 697 1545 quem
713 1487 823 1526 munere
845 1512 850 1522 .

499 1564 513 1601 a
543 1553 569 1601 at
851 1556 877 1600 35

76 1622 159 1679 Carus
169 1629 194 1677 et
204 1639 218 1676 a
229 1620 330 1694 trepido
339 1620 467 1697 Thymele
475 1563 611 1677 dubintssa
619 1621 731 1678 latino‘.l

8 1703 9 1706 ’
77 1698 391 1771 quumtesubmoveant,
403 1697 451 1769 qui
461 1699 759 1761 testamentamerentur
802 1697 809 1705 '

77 1774 208 1837 noctibus,
219 1773 247 1828 in
256 1769 358 1827 coelum
371 1788 440 1844 quos
453 1771 540 1827 evehit
549 1771 647 1843 optima
657 1772 757 1825 summi

77 1866 148 1904 nunc
158 1848 201 1902 via
210 1863 358 1920 processus,
373 1845 476 1902 vetulae
485 1847 571 1903 vesica
581 1846 689 1904 beatae?

78 1921 213 1979 Unciolam
223 1920 375 1977 Proculeius
385 1922 473 1987 habet,
484 1920 531 1977 sed
542 1921 613 1977 Gillo
622 1921 760 1977 deuncem.
851 1927 878 1974 to

77 2000 166 2054 Partes
177 1997 293 2070 quisque
301 2014 365 2052 suas
375 1996 409 2052 ad
418 1997 571 2064 mensuram
581 1996 783 2070 inguinisheres
829 2008 833 2012 ’

78 2074 187 2145 accipiat
195 2089 268 2136 sane,
281 2071 426 2128 mercedem
435 2071 585 2147 sanguinis,
596 2079 622 2126 et
631 2071 670 2125 sie

78 2147 182 2219 palleat,
195 2153 226 2202 ut
235 2146 315 2203 nudis
324 2147 420 2221 pressit
428 2148 476 2220 qui
486 2145 602 2202 calcibus
612 2162 737 2220 anguem,

21 2273 26 2278 .
78 2230 123 2277 aut
132 2221 338 2352 Lupdunensem
350 2222 437 2296 rhetor
447 2222 568 2277 dicturus
578 2220 612 2276 ad
621 2238 702 2276 aram.

115 2295 166 2364 (lui
196 2296 315 2363 referam,
327 2305 425 2370 quanta
434 2297 535 2352 siceum
544 2296 616 2352 iecur
626 2296 713 2352 ardeat
723 2296 771 2359 ira,
852 2303 878 2349 45

79 2390 163 2446 quum
177 2371 306 2450 populum
322 2373 449 2449 gregibus
463 2372 591 2502 cpmitum
602 2373 698 2445 premit
715 2371 825 2445 bicspo-

80 2520 173 2595 pupilli
182 2520 343 2594 prestantis?
360 2521 439 2580 ethic
448 2454 590 2594 alffius
603 2521 676 2579 inani

81 2597 175 2653 iudicio
185 2597 260 2670 (quid
269 2598 340 2653 enim
350 2597 432 2654 salvis
441 2597 550 2653 infamia
560 2598 679 2653 nummis
684 2597 706 2671 l)

81 2672 154 2728 exsul
164 2672 198 2727 ab
209 2681 299 2730 octava
308 2674 407 2730 Marius
416 2673 484 2729 bibit
493 2681 519 2730 et
527 2672 624 2757 fruitur
634 2672 675 2728 dts
697 2703 700 2710 -
758 2667 764 2682 ¹

117 2765 231 2820 laveras.
695 2762 715 2817 C
