2250 3250
306 170 337 224 91
499 211 503 217 .
564 170 776 220 luvsnnms

305 272 385 329 Nullo
393 272 493 346 quippe
505 268 557 325 elio
567 270 652 327 vineis
664 270 826 338 discrimine,
838 287 922 344 quem
932 273 1011 345 qnod
1050 321 1053 325 ,

251 360 276 401 55
305 349 343 402 ἰΙΙι
357 363 534 402 marmoreum
543 353 623 416 caput
631 353 679 410 est,
690 355 735 400 tue
747 345 815 400 vivit
826 344 926 419 imago.

304 424 352 478 Die
360 423 436 487 mihi,
448 418 608 476 Teucronrm
617 419 712 491 proles,
724 419 847 475 animalia
856 429 933 475 muta

305 498 367 570 quis
376 513 500 570 generose
510 501 591 565 putet.
604 495 657 549 nisi
667 493 761 549 fortini
777 495 879 566 Nempe
888 495 1027 552 volucrem

305 574 344 627 sic
353 571 492 626 inridemus
502 585 612 640 equum,
626 567 696 623 feoili
705 569 749 623 cui
758 568 875 640 piurima
885 569 974 641 palme

305 646 393 708 fervet,
404 653 429 700 et
437 641 552 699 exsultat
561 659 640 698 reueo
651 643 758 698 victorie
771 642 856 698 Ciroo.
977 700 982 706 ,

251 731 277 773 εο
305 719 407 775 Nobilis
416 718 469 778 hie.
480 733 650 789 quocumque
661 717 735 771 venit
745 717 779 771 de
791 716 921 791 gramine,
932 719 1012 772 euius

304 794 373 848 ciere
382 792 445 867 fuge
456 800 516 847 ente
524 791 590 845 aiios
600 798 625 845 et
633 791 737 861 primus
747 790 775 845 in
784 790 899 863 ee'quo'm
907 791 1014 865 pulvis:

305 869 352 924 sed
361 866 454 922 vensie
463 883 543 938 pecus
553 865 683 937 Corythae
695 866 833 935 posteritas
843 873 869 920 et

304 941 417 1012 Hirpini,
430 942 453 994 si
463 957 520 995 rare
530 941 594 1012 iugo
603 940 716 994 Victoris
725 939 819 994 sedit·

304 1015 347 1070 Nii
358 1015 394 1069 ibi
407 1014 536 1068 maiorum
547 1021 690 1084 respectus,
702 1013 786 1087 gretie
795 1012 870 1068 nulle

250 1101 275 1143 ⁶5
304 1089 473 1144 umbrarum:
493 1086 615 1142 dominos
623 1088 714 1158 pretiis
727 1095 829 1142 mutare
837 1088 965 1143 iubentur

304 1162 418 1237 exiguis,
429 1162 541 1232 tritoque
551 1162 659 1217 trahunt
667 1162 783 1233 epiredin
794 1160 863 1216 eolio

304 1236 468 1311 segnipedes,
483 1236 612 1309 dignique
621 1235 719 1291 melem
729 1252 833 1291 versere
842 1236 963 1307 Nepotis,

304 1315 375 1387 Ergo
387 1318 417 1367 ut
425 1311 553 1366 miremur
560 1318 595 1374 te,
607 1327 658 1365 non
669 1319 722 1373 tue,
734 1310 852 1381 primum
862 1310 966 1382 aliquid
975 1311 1020 1375 dn,

253 1388 257 1396 '
303 1386 375 1460 quod
385 1387 484 1458 possim
495 1383 580 1440 titulis
591 1384 704 1439 innidere
714 1392 814 1455 prester
823 1384 945 1449 honores,

211 1479 214 1484 ·
250 1472 276 1513 το
304 1479 372 1533 quos
389 1461 442 1514 illis
458 1460 555 1513 demus
569 1466 594 1512 et
607 1458 738 1523 dedimus,
749 1459 949 1531 quibusomnin
961 1459 1051 1513 debes.

343 1535 410 1587 Heee
423 1533 488 1586 setis
501 1531 534 1586 ed
548 1532 681 1598 iuvenem,
698 1550 779 1605 quem
793 1533 870 1589 nobis
880 1532 950 1588 ieme
959 1551 1052 1606 super-
1118 1556 1119 1559 ¹

706 1607 772 1664 bum

276 1713 279 1716 ,
303 1682 391 1746 tradit.
405 1689 431 1738 et
440 1680 570 1747 infletum,
582 1681 746 1754 plenumque
755 1684 858 1742 Nerone
867 1683 1028 1756 propinquo.
1118 1677 1119 1682 ’

305 1761 389 1813 {ierus
399 1758 470 1811 enim
483 1755 566 1810 ferme
577 1774 671 1812 sensus
679 1759 830 1813 eommunis
840 1758 869 1814 in
879 1758 925 1814 ilie

305 1832 419 1885 fortune.
451 1829 642 1885 Sedteoenseri
652 1831 729 1887 leude
738 1840 855 1897 tuorum,

249 1916 275 1958 75
305 1905 416 1969 Pontice,
429 1902 568 1968 noluerim.
580 1905 618 1960 sie
628 1913 657 1961 ut
667 1906 733 1961 nihil
747 1907 803 1978 ipse
812 1906 916 1962 futures

305 1979 391 2035 leudis
402 1996 474 2053 ages.
495 1979 1048 2053 ‘Miserumestnliorumincumberefemee,

306 2053 920 2126 necoiiepseruentsubduetisteetseolumnis.

305 2129 406 2183 Stratus
417 2129 493 2183 humi
502 2127 604 2199 peimes
613 2128 708 2183 viduas
716 2129 847 2184 desiderat
857 2129 952 2185 ulmos.

304 2203 368 2256 Esto
377 2203 464 2257 bonus
474 2202 560 2267 miles,
575 2209 644 2257 tutor
654 2202 748 2268 bonus,
760 2203 857 2258 arbiter
868 2205 939 2258 idern

251 2287 276 2329 8⁰
306 2277 415 2349 integer.
448 2277 596 2349 Ambiguae
605 2277 628 2331 si
638 2277 746 2349 quande
754 2277 867 2333 citabere
875 2280 951 2333 testis

306 2351 471 2419 incertaeque
482 2351 534 2416 rei,
556 2349 674 2407 Phalaris
684 2350 743 2407 licet
752 2352 871 2425 imperet,
883 2360 915 2409 ut
923 2353 960 2408 sis

306 2423 398 2487 falsus,
409 2431 435 2477 et
444 2423 548 2478 admoto
557 2424 636 2495 dictet
647 2427 762 2498 periuria
773 2434 857 2491 tauro,

306 2515 443 2553 summum
452 2497 529 2552 erede
538 2498 611 2553 nefas
620 2501 736 2556 enimam
747 2500 878 2572 praeferre
884 2495 986 2573 pudori

306 2582 331 2628 et
339 2580 444 2648 propter
453 2573 534 2628 vitem
545 2574 650 2629 vivendi
665 2575 773 2647 perdere
782 2592 888 2631 censes.

253 2659 278 2701 85
306 2649 409 2726 Dignus
419 2657 502 2704 morte
510 2649 588 2722 perit,
599 2659 690 2705 coenet
700 2649 758 2706 lieet
766 2657 851 2705 ostrea
861 2657 967 2714 centnm
