2250 3250
281 154 330 207 ldl
524 148 528 159 ’
548 157 760 204 IUVENALIS

281 260 429 331 depositum
439 260 487 314 tibi
499 277 590 330 sospes
599 260 657 313 erit.
687 257 954 328 Sedccrporetruncc

283 334 414 391 invidiosa
423 335 495 390 dabit
505 335 634 401 minimus
644 332 734 387 solatia
746 330 863 404 sanguis.

228 420 266 462 tan
280 411 314 463 At
323 413 439 466 vindicta
449 414 541 465 bonum
549 414 605 464 vitu
613 412 752 464 iucundius
761 411 826 475 ipsc.

283 486 384 555 Nempe
396 487 446 539 hcc
458 483 564 545 indocti,
576 500 691 556 quorum
702 480 850 554 praecordia
861 476 942 532 nullis

284 559 417 614 interdum
426 568 471 614 aut
481 559 585 614 levibus
599 559 687 614 videas
694 557 832 630 flagrantia
841 554 935 609 causis.

282 633 531 705 Quantulacumque
541 634 605 688 aden
615 640 654 688 est
663 633 771 696 occasio,
783 628 881 685 suflicit
891 629 952 683 irae.

262 721 271 727 ’
283 708 449 782 Chrysippus
460 726 510 763 non
521 708 590 763 dicet
600 709 681 772 idem,
694 724 742 761 nec
752 705 815 760 mite
824 702 940 758 Thaletis

230 793 269 834 185
285 784 431 857 ingenium,
442 783 569 854 dulcique
579 800 659 859 seneqr
669 782 774 836 vicinus
786 781 917 854 Hymetto,

283 859 330 929 qui
341 866 441 929 partem
454 866 571 929 acceptae
580 875 657 911 saeva
666 856 734 912 inter
745 853 831 909 vincla
842 854 940 908 cicutae
981 912 986 923 ,

284 935 426 988 accusatori
437 933 517 989 nollet
526 932 598 988 dare.
628 930 744 986 Plurima
754 928 819 984 felix

282 1007 409 1078 paulatim
423 1009 485 1062 vitia
495 1016 573 1078 atque
582 1023 681 1061 errores
691 1005 764 1061 exuit
772 1021 875 1070 omnes,

281 1083 367 1152 prima
378 1083 474 1136 docens
484 1088 583 1135 rectum
593 1080 738 1152 Sapientia:
759 1077 966 1152 quippeminuti

228 1167 267 1209 tat
275 1174 385 1228 ‘semper
398 1164 423 1211 at
431 1155 529 1211 infirmi
540 1163 580 1211 est
590 1155 672 1211 animi
682 1154 827 1228 exiguique
836 1152 958 1225 voluptas

281 1231 356 1287 ultio.
387 1232 518 1288 Continuo
527 1230 676 1304 siccollige‚
687 1230 760 1303 quod
769 1229 885 1284 vindicta
1027 1229 1035 1239 “

283 1324 359 1361 nemo
370 1307 453 1380 magis
461 1307 567 1380 gaudet,
579 1304 773 1379 quamiemina.
794 1304 1030 1361 Curtamenhostu
1075 1298 1084 1307 ’

281 1382 396 1436 evasisse
408 1389 493 1453 putes,
503 1398 571 1456 quos
581 1382 632 1437 diri
644 1381 748 1436 conscia
759 1378 818 1436 lacti

282 1474 358 1511 mens
367 1457 445 1512 habet
455 1460 576 1513 attonitos
588 1466 613 1512 et
623 1458 704 1512 surdo
714 1456 820 1511 verbere
829 1453 916 1518 caedit

175 1554 185 1562 ·
229 1541 267 1584 tls
282 1531 413 1585 occultum
422 1534 556 1604 quatiente
566 1533 655 1587 animo
669 1528 924 1605 lomnraxllagellum?

283 1608 365 1662 Poena
380 1614 467 1662 autem
477 1607 620 1662 vehemens
630 1625 660 1662 ac
669 1606 753 1662 multa
761 1604 864 1662 saevior
873 1604 938 1670 illis,

283 1702 350 1756 quas
369 1691 394 1738 et
407 1683 543 1739 Caedicius
556 1683 647 1757 gravis
657 1682 757 1737 invenit
765 1688 791 1737 et
798 1679 1030 1744 Rhadamanthus,
1109 1677 1110 1716 t

283 1767 356 1812 nocte
365 1757 459 1828 dieque
472 1775 551 1811 suum
562 1766 664 1831 gestare
677 1758 703 1813 in
714 1765 816 1828 pectore
825 1763 929 1811 testem

283 1833 409 1901 Spartano
418 1829 523 1885 cuidam
533 1833 669 1902 respondit
677 1831 772 1905 Pythia
784 1838 868 1886 vates:

228 1916 267 1958 acc
282 1904 353 1958 haud
364 1904 525 1975 impunitum
537 1906 672 1977 quondam
683 1905 746 1972 lore,
757 1905 830 1979 quod
838 1905 973 1961 dubitaret

281 1979 429 2051 depositum
445 1982 555 2036 retinere
564 1988 591 2036 et
600 1980 717 2054 fraudem
729 1981 786 2035 iure
798 1982 866 2035 tueri
1004 2043 1009 2056 .

283 2055 400 2109 iurando.
430 2054 667 2124 Quaerebatenim‚
678 2073 746 2128 quae
756 2054 875 2110 numinis
883 2064 953 2109 esset

176 2145 185 2164 s
282 2147 366 2193 mens,
382 2138 407 2185 et
417 2148 449 2185 an
461 2132 510 2185 hcc
521 2131 559 2185 illi
572 2130 673 2186 lacinus
683 2130 804 2186 suaderet
812 2127 924 2201 Apollo?
984 2141 985 2144 ’

284 2203 406 2259 Reddidit
415 2222 477 2291 ergo
487 2215 570 2271 metu,
582 2222 635 2261 non
645 2206 779 2261 moribus:
801 2209 1029 2261 ettamenomnem

228 2290 266 2333 aaa
282 2295 372 2334 vocem
386 2279 458 2353 adyti
469 2281 577 2354 dignam
588 2280 687 2352 templo
697 2297 840 2352 veramque
849 2280 980 2351 probavit,

282 2354 428 2409 exstinctus
437 2362 489 2409 tuta
500 2357 597 2427 pariter
605 2374 666 2410 cum
677 2355 749 2427 prole
758 2354 890 2427 domoque

282 2438 315 2494 et,
328 2428 452 2500 quamvis
462 2429 538 2503 longa
550 2430 668 2485 deductis
678 2438 764 2504 gene,
776 2430 944 2503 propinquis.

232 2529 235 2532 ·
283 2505 335 2558 llas
343 2504 440 2574 patitur
447 2521 545 2575 poenas
555 2504 679 2576 peccandi
692 2504 747 2560 sola
758 2504 889 2561 voluntas.

282 2580 349 2633 Nam
359 2577 445 2634 scelus
456 2580 522 2633 intra
536 2596 565 2634 se
573 2579 681 2634 tacitum
693 2580 740 2653 qui
749 2582 845 2653 cogitat
854 2580 952 2646 ullum,

229 2664 267 2708 tto
282 2652 341 2710 lacti
351 2654 450 2710 crimen
460 2654 545 2718 habet
578 2653 658 2720 cedo.
669 2657 692 2711 ai
703 2662 793 2711 conata
802 2655 918 2732 peregit?
