2250 3250
320 119 466 207 sauma
484 161 529 207 VI.
583 168 590 193 '¹

38 258 160 315 callidus
173 267 198 314 et
206 258 300 314 cristae
307 259 403 332 digitos
413 260 548 333 impressit
556 260 659 332 aliptes,

39 353 68 389 ae
82 352 233 390 summum
241 335 365 390 dominae
373 334 460 390 [emur
470 336 617 390 exclamare
626 337 716 409 ooegit.

40 410 183 465 Convivae
193 411 284 464 miseri
298 410 395 463 interea
406 427 553 483 somnoque
562 411 685 482 fameque

42 491 206 559 urguentur.
237 484 688 551 Tandemillavenitrubieundulrr,
700 492 784 540 totum
813 493 852 540 425

41 561 229 631 oenophorum
243 559 343 623 sitiens,
358 559 435 629 plena
444 560 642 631 quodtenditur
651 577 718 614 urna
896 572 900 573 ’

41 634 186 689 admotum
196 633 321 704 pedibus,
332 633 365 709 de
374 651 429 704 quo
437 637 567 689 sextarius
581 635 644 689 alter

42 708 154 763 ducitur
164 709 333 772 anteeibum‚
345 708 464 762 rabidam
474 708 591 764 facturus
604 710 736 764 orexim

44 785 111 838 Dum
125 783 206 845 redit
218 791 243 837 et
256 782 307 858 loto
316 791 411 837 terram
420 783 496 838 ierit
489 787 621 850 intestino,

43 857 259 913 marmoribus
238 876 289 911 rrvr
299 866 447 929 properant
459 867 504 912 aut
513 859 564 912 lata
575 857 684 912 Falerno
812 865 851 911 tao

45 933 131 1002 pelvis
142 932 209 988 olet:
232 950 294 986 nam
305 933 352 998 sie,
368 940 504 1018 tamquam
517 933 586 988 alta
579 952 607 987 rn
616 931 686 986 dolia
695 924 791 1006 longus

44 1008 173 1062 deerderrt
182 1025 300 1078 serpens
311 1007 380 1060 brbrt
390 1015 416 1064 et
426 1008 517 1062 vomit
548 1007 741 1080 Ergornaritus.

46 1091 167 1147 nauseat,
180 1081 724 1156 atqueoeulisbilemsnbstringitopertis.

80 1157 129 1213 illa
140 1167 229 1212 tamm
239 1157 354 1229 gravior,
369 1174 447 1228 quae
463 1174 548 1244 quum
561 1155 727 1212 discumbere
738 1172 798 1212 ooe-

472 1233 500 1298 it,
798 1274 801 1280 .

47 1302 136 1361 laudat
145 1305 301 1379 Verrlrum
313 1306 443 1377 periturae
452 1250 563 1380 rpqnosert
573 1306 683 1371 Elissae
812 1302 868 1359 435Δ

46 1381 189 1436 committit
200 1389 272 1436 vates
281 1389 306 1435 et
315 1390 459 1452 oomparat
472 1382 534 1436 rnde
542 1383 678 1436 Maronem

47 1463 125 1526 atque
135 1455 188 1511 alia
198 1456 308 1528 partein
318 1457 415 1510 trutina
426 1456 565 1532 suspendit
577 1456 729 1511 Homerum.

28 1529 152 1586 »Cedunt
161 1530 338 1604 grammatici
352 1524 630 1594 vincunturrhetoree‚
642 1531 730 1586 omnis

47 1606 130 1661 turba
135 1612 215 1673 tacet;
237 1605 453 1670 necoausidious
465 1624 513 1661 nee
522 1624 614 1676 praeeo
624 1605 755 1676 loquatur

48 1679 125 1737 altera
141 1698 190 1736 nee
199 1680 310 1735 mulier:
331 1682 552 1736 verborumtanta
564 1680 670 1734 eadit
645 1697 695 1745 vrs,
713 1731 716 1734 ,
810 1685 851 1731 tto

49 1761 83 1809 tot
95 1758 195 1828 pariter
206 1755 295 1826 pelves
308 1764 333 1809 et
341 1756 518 1811 tintinnabula
527 1756 600 1814 diras

49 1829 161 1896 pulsari.
192 1831 248 1884 Iam
259 1847 336 1884 nemo
346 1832 423 1884 tubes
436 1839 515 1904 atque
523 1848 582 1885 aere
592 1829 693 1904 fatiget:
733 1865 736 1869 v

49 1921 101 1959 una
110 1904 241 1960 laboranti
251 1905 344 1976 poterit
353 1922 504 1960 suocurrere
513 1905 602 1960 lunae.

83 1980 200 2053 imponit
210 1980 290 2034 tinem
300 1980 405 2050 sapiens
417 1987 443 2034 et
455 1977 534 2036 rebus
544 1979 671 2033 honestis.
708 1983 711 1987 ’

48 2053 115 2110 Nam
125 2057 148 2110 si
162 2055 237 2110 docta
248 2055 328 2108 nimis
337 2054 568 2125 eupitetfaeunda
580 2053 673 2116 videri,
811 2058 852 2105 tte

49 2139 211 2188 auretenus
222 2130 308 2184 medio
318 2131 420 2184 tunicas
429 2131 582 2203 suocingere
590 2128 676 2192 debet,

48 2206 154 2261 caedere
163 2204 272 2259 Silvano
281 2222 400 2276 paruum,
411 2206 557 2276 quadrante
567 2203 659 2258 levari.

50 2278 104 2334 Non
117 2281 214 2336 habeat
223 2286 350 2342 matrona,
360 2279 409 2334 tibi
419 2298 487 2351 quae
496 2276 588 2334 iuneta‘
595 2277 733 2342 recumbit,

49 2352 152 2410 dicendi
162 2371 258 2427 genus
271 2362 316 2408 aut
324 2361 430 2409 curtum
440 2371 560 2409 sermone
569 2361 651 2408 rotato

50 2435 167 2501 torqueat
177 2429 357 2501 enthymema
370 2446 419 2483 neo
430 2429 552 2484 hrstorras
562 2430 627 2483 soret
635 2444 740 2483 omnes
812 2431 852 2480 ita

50 2503 366 2577 selquaedamexlrbrrs
376 2511 401 2560 et
410 2521 463 2560 non
472 2503 611 2575 intelligat
641 2501 693 2557 Odi
751 2513 756 2524 ·

49 2575 116 2634 hans
126 2596 185 2652 ego,
199 2596 268 2649 qnae
279 2579 371 2649 repetit
382 2577 516 2649 volvitque
526 2578 689 2632 Palaemonis
699 2582 790 2638 artem,

50 2662 149 2710 servata
158 2670 264 2724 semper
273 2653 330 2726 lege
339 2662 364 2708 et
374 2654 472 2708 ratione
483 2653 618 2726 loquendi,
