2250 3250
293 175 326 230 82
547 183 768 259 'IUVENALIS

237 292 277 337 585
290 282 423 338 Divitibus
433 300 558 354 responsa
567 283 641 338 dabit
650 283 740 357 Phryx
754 300 841 356 augur
850 291 876 338 et
884 283 964 340 Indus

291 357 447 422 conductus,
458 358 531 412 dabit
541 366 671 413 astrorum
683 357 831 429 mundique
841 361 949 429 peritus,

291 441 372 503 atqua
380 430 478 502 aliquis
488 433 585 494 senior,
597 433 644 503 qui
654 431 761 502 publica
771 432 878 506 fulgura
886 434 979 488 condit.

292 505 427 563 Plebeium
438 506 466 561 in
475 507 545 563 oiroo
558 506 674 578 positum
684 513 723 560 est
732 515 757 560 et
767 507 794 560 in
805 524 901 580 aggere
911 507 997 562 latum.

292 581 365 646 Quas
375 579 456 634 nullis
469 580 579 653 longum
589 580 702 635 ostendit
711 580 858 635 oervioibus
869 600 971 644 aurum,
1052 586 1058 595 ⁴

237 665 277 709 tto
291 654 404 713 oonsulit
413 662 473 709 ante
483 655 575 727 phalas
585 654 978 725 delphinorumque-nolumus,

178 782 187 788 ,
292 747 326 786 an
336 747 398 802 saga
409 729 532 784 vendenti
544 730 755 800 nubatoaupono
767 729 873 784 relicto:

330 805 383 858 Hae
395 812 482 859 tamen
492 812 517 859 et
526 812 617 877 partus
626 803 742 860 subeunt
755 803 907 868 discrimen,
918 813 1031 860 momues

292 879 403 934 nutricis
412 879 523 934 tolerant
531 878 635 935 fortuna
645 877 882 952 argentelabores;

293 954 339 1009 sed
350 954 414 1008 lauet
424 963 514 1008 aurato
524 954 572 1008 vix
583 952 637 1008 ulla
648 969 775 1024 puerpera
787 952 857 1008 lecto.

238 1039 277 1082 595
292 1030 406 1083 Tantum
421 1036 488 1081 artes
498 1028 590 1091 huius,
615 1035 718 1082 tanturn
732 1027 908 1082 medicamina
917 1034 1031 1098 possunt,

292 1120 361 1173 quae
370 1100 470 1155 steriles
483 1100 543 1154 lacit
552 1109 631 1172 atque
640 1102 761 1156 homines
771 1103 800 1159 in
812 1100 1033 1157 verrtraneoandos

292 1175 422 1230 nonduoit.
456 1175 556 1239 Gaude,
570 1175 672 1240 infelix,
686 1184 765 1248 atque
774 1177 830 1248 ipse
841 1175 986 1231 bibendum

292 1250 404 1324 porrige,
415 1250 548 1322 quidquid
557 1251 620 1306 erit:
642 1250 894 1306 namsidistandare
904 1249 980 1306 vellet

293 1334 318 1381 et
327 1343 422 1381 vexare
432 1333 536 1381 uterum
546 1325 636 1398 pueris
646 1323 810 1387 salientibus,
820 1338 892 1380 esses

238 1402 277 1455 tlt
293 1400 428 1472 Aethiopis
438 1399 546 1457 fortasse
554 1408 640 1472 pater3
663 1418 724 1455 mox
738 1399 840 1455 dooolor
852 1402 929 1456 hares

293 1475 413 1545 impleret
422 1474 534 1538 tabulas,
546 1492 695 1545 numquam
706 1474 753 1543 tibi
764 1493 841 1530 mane
850 1475 989 1530 videndus.

330 1550 445 1603 Transeo
457 1549 607 1619 suppositos
616 1555 641 1602 et
651 1548 748 1620 gaudia
758 1557 872 1620 votaque
884 1566 961 1622 saepe

292 1624 325 1679 ad
337 1640 446 1695 spuroos
455 1622 562 1696 decepta
571 1624 654 1684 lacus.
667 1631 745 1695 atque
755 1625 816 1679 inde
826 1626 919 1696 petitos

292 1699 437 1771 pontifices,
448 1699 541 1764 Salios,
557 1699 715 1754 Scaurorum
728 1700 834 1755 nomina
844 1699 911 1755 falso

238 1784 277 1828 ⁶⁰5
291 1790 398 1843 oorpore
408 1772 515 1826 laturos.
543 1773 600 1827 Stat
608 1766 723 1828 llortuna
734 1774 853 1845 improba
864 1782 950 1840 noctu,

292 1844 410 1901 arridens
421 1845 667 1900 nudisinlantibus.
698 1849 932 1906 lloslovetomnes

293 1918 457 1991 involvitque
466 1921 541 1987 sinu3
563 1920 771 1986 domibusnuno
780 1925 891 1999 porrigit
900 1924 959 1980 altis

291 2002 473 2065 secretumque
487 1996 539 2050 sibi
555 1997 670 2051 mimum
686 1993 766 2069 p'arat,
800 2000 853 2054 Hos
867 2007 944 2063 amat,
957 1998 999 2054 his
1009 2016 1036 2052 se

293 2070 396 2143 ingerit.
409 2078 487 2140 atque
496 2088 559 2125 suos
571 2072 660 2126 ridens
671 2072 790 2144 producit
800 2071 931 2127 alumnos.

122 2191 124 2198 ,
198 2155 201 2159 ’
238 2154 277 2197 tlt
330 2143 377 2198 llic
386 2145 501 2217 magicos
512 2146 585 2201 allent
594 2154 696 2211 cantus,
709 2147 752 2200 hic
762 2146 886 2203 Thessala
898 2147 988 2203 vendit

293 2217 398 2288 philtra,
413 2218 514 2288 quibus
525 2221 608 2276 valeat
618 2228 730 2275 mentem
741 2239 837 2276 vexare
846 2222 943 2285 mariti,
1032 2265 1035 2270 .

291 2299 318 2346 ot
328 2290 398 2347 solea
408 2292 514 2364 pulsare
524 2304 605 2350 natas.
637 2294 714 2361 Quod
723 2296 832 2369 desipis,
844 2296 964 2367 indsast3

293 2366 355 2421 inde
364 2367 447 2443 animi
455 2368 541 2442 caligo
550 2378 576 2424 et
585 2385 680 2440 magna
691 2371 792 2425 oblivio
801 2387 899 2440 rmum,

293 2458 361 2512 quas
376 2441 455 2495 morlo
469 2443 586 2516 gessisti.
628 2444 726 2499 Tamen
740 2447 790 2501 hoo
799 2444 940 2510 tolerabile,
952 2445 976 2499 si
987 2463 1037 2500 non

239 2526 278 2569 tit
292 2524 318 2570 et
328 2514 414 2570 lurere
425 2516 544 2588 incipias,
556 2527 586 2573 ut
595 2519 746 2574 avunculus
756 2520 801 2574 ille
809 2520 930 2584 Neronis,

292 2590 336 2646 cui
349 2598 427 2646 totam
437 2592 543 2647 tremuli
553 2592 665 2649 frontem
678 2594 803 2650 Caesonia
814 2593 881 2665 pulli

293 2664 400 2723 inludit.
433 2664 506 2739 Quae
517 2686 568 2725 non
581 2668 665 2735 laciet,
677 2670 750 2743 qnod
760 2668 889 2742 Principis
898 2667 986 2727 uxor?
