2250 3250
337 166 482 215 serlus
499 164 568 216 vm.

47 264 115 323 'hos
127 272 195 321 ante
202 263 304 339 efligies
314 268 445 323 maiorum
456 285 524 340 pone
535 276 658 324 tuorum:
756 324 760 331 ,

57 340 229 414 praecedant
239 342 312 412 ipsas
322 342 522 399 illiteCcnsule
532 343 622 416 virgas
629 366 636 401 :

59 419 159 492 prima
175 416 242 471 mihi
253 415 515 473 debesenimibcna.
534 417 748 479 Sanctushaben

61 493 242 564 iustitiaeque
252 500 331 549 tenax
341 491 415 547 lactis
426 492 557 566 dictisque
567 491 695 550 mereris?
853 505 879 549 25

61 583 186 641 agnosco
195 574 340 638 procerem.
369 567 611 632 Salve,Gaetullbe‚
623 585 672 623 sen
682 576 711 623 tu

64 642 189 707 Silanus,
201 658 374 713 quocumque
385 641 437 697 alio
446 641 480 697 de
491 644 637 716 sanguinet
657 660 734 701 rarus

65 717 137 772 civis
146 723 175 773 et
183 716 308 790 egregius
319 717 418 788 patriae
424 718 555 790 contingis
564 718 663 774 eventi.

65 791 230 847 Exclamare
239 790 313 856 libet,
324 791 634 863 populusquodclamat,
650 790 721 848 Osiri
875 851 878 854 ,

17 898 18 901 ¹
67 867 190 923 invento.
221 865 289 932 Quis
298 866 370 941 enim
378 883 535 940 generosum
546 867 644 923 dixerit
653 867 733 931 hunc,
744 867 793 940 qui
853 877 879 920 ec

68 940 737 1017 indignusgenereest‚·preeclar0ncminetautum
843 946 845 951 '

69 1015 207 1090 insignis?
224 1017 333 1071 Nanum
341 1016 481 1071 cuiusdam
494 1016 599 1071 Atlanta
609 1032 744 1080 vocamus,

70 1090 229 1162 Aethiopem
239 1107 364 1164 cycnum,
376 1109 486 1162 pravam
495 1099 678 1163 extortamque
687 1090 804 1162 puellam

69 1167 211 1237 Europen:
232 1165 345 1220 canibus
355 1166 438 1240 pigris
447 1167 589 1237 scabieque
601 1173 703 1235 vetuste

71 1241 179 1296 levibus
188 1247 214 1294 et
222 1240 307 1294 siocae
321 1239 500 1296 lambentibus
509 1257 555 1296 ora
563 1240 685 1296 lucernae
853 1249 879 1294 35

72 1333 170 1371 nomeu
179 1314 230 1370 erit
239 1315 325 1388 tigris,
340 1316 448 1386 pardus,
460 1315 508 1381 leo,
521 1316 545 1370 si
554 1315 621 1387 quid
630 1314 717 1371 adhue
726 1323 774 1380 est,

72 1391 147 1464 quod
157 1389 247 1446 fremit
256 1390 284 1444 iu
297 1391 373 1445 terris
382 1389 533 1447 violentius.
562 1388 748 1463 bigocavebis

72 1475 99 1522 at
111 1472 223 1530 metues,
235 1482 269 1520 ne
277 1472 309 1519 tu
321 1465 359 1520 sis
372 1465 489 1520 Creticus
499 1472 545 1520 aut
556 1463 720 1520 Camerinus

111 1542 160 1596 llis
176 1557 228 1614 ego
240 1556 322 1611 quem
340 1540 451 1607 monuit
478 1541 576 1595 Tecum
595 1538 709 1596 est-mihi
727 1555 823 1604 sermo,

479 1614 584 1670 Rubelli
782 1667 783 1670 ,

73 1692 180 1758 Blande
209 1689 370 1747 Tumesalto
379 1690 523 1745 Drusorum
532 1690 820 1763 sangnine‚tamquam
853 1695 880 1742 tc

74 1768 166 1825 leceris
178 1767 238 1839 ipse
246 1765 358 1839 aliquid,
369 1773 474 1838 propter
486 1764 558 1837 qnod
569 1763 667 1820 nobilis
676 1779 758 1829 esses,

75 1842 305 1914 utteconciperet,
315 1858 385 1914 ques
394 1841 525 1915 sauguine
534 1839 617 1916 fulget
627 1840 687 1905 Iuli,

76 1915 569 1990 nonquaeventcscconductasubeg
603 1915 712 1971 retexit.

39 2017 44 2020 ·
77 1995 129 2049 Vos
138 1991 265 2057 humiles,
277 1991 378 2063 inquis,
392 1990 466 2062 vulgi
477 2007 566 2062 parsu
579 1989 643 2044 tima
654 1989 747 2051 nostri,

58 2115 61 2118 .
77 2083 193 2139 quornm
204 2083 282 2121 nemo
291 2073 371 2137 queat
382 2065 492 2137 patriam
504 2072 650 2119 monstrare
661 2059 790 2134 parentis;
853 2066 880 2120 ts

78 2151 118 2198 ast
125 2159 175 2215 ego
185 2140 350 2212 Cecropides.
381 2140 468 2205 Vives,
480 2148 506 2195 et
514 2139 626 2211 originis
635 2137 717 2193 huius

78 2215 175 2291 gaudia
190 2215 268 2289 longa
278 2214 360 2283 loram
381 2219 469 2270 tamen
480 2214 533 2268 ima
542 2213 619 2285 plebe
630 2209 758 2279 Quiritem
837 2240 840 2248 ·

79 2290 366 2347 facunduminvenies:
387 2289 453 2344 solet
462 2289 506 2343 hic
515 2287 652 2346 defendere
660 2303 753 2343 causas

80 2364 177 2422 nobilis
187 2364 295 2432 indocti.
325 2364 417 2420 Veniet
428 2364 461 2419 de
471 2362 547 2435 plebe
555 2369 651 2436 togata,

80 2439 204 2513 quiiuris
218 2438 592 2513 ncdoeetlegnmeenigmate
601 2436 694 2493 solvet.
855 2443 881 2485 sa

80 2516 129 2572 Hic
136 2510 201 2588 p'etit
209 2514 363 2586 Euphraten
375 2513 480 2569 iuvenis
489 2513 636 2586 domitique
644 2510 734 2567 batavi

82 2590 201 2646 custodes
212 2588 325 2661 aquilas,
337 2589 419 2644 armis
429 2588 591 2645 industrius:
612 2596 677 2642 attu
715 2637 728 2658 ,

84 2665 121 2722 nil
131 2664 183 2722 nisi
193 2663 356 2738 Cecropides,
367 2671 514 2735 truncoque
522 2661 677 2718 simillimus
688 2660 807 2734 Hermae.
