2250 3250
313 165 360 216 l38
576 165 788 212 Iuvssnaers

308 285 356 323 nec
365 267 442 323 uultu
455 266 564 332 dederit,
577 283 681 322 morum
692 282 800 338 quoque
810 263 893 331 filine,
903 271 930 320 et
940 268 996 340 qui

306 345 397 398 omnia
406 342 521 398 deterius
532 354 576 397 tua
586 341 753 414 pervestigia
762 348 858 412 peccet,

121 471 131 480 ,
236 428 241 435 “
307 418 432 491 corripies
442 418 581 483 nimirum,
593 424 619 472 et
627 415 768 490 castigabis
778 416 871 470 acerbo

253 504 279 548 55
307 493 429 554 clamore,
442 500 487 548 aut
497 500 556 575 post
564 492 742 547 haectabulas
750 499 855 546 mutare
863 491 995 562 parabis‘l

309 568 384 623 Unde
394 568 442 623 tibi
452 567 564 623 frontem
575 566 775 638 libertatemque
782 566 908 638 parentis,

308 661 395 715 quum
404 641 484 698 iacias
494 643 582 714 peiora
591 659 682 706 senex.
694 658 865 713 uacuumque
875 642 988 697 cerebro

236 749 241 753 ·
311 720 363 774 iam
373 717 477 789 pridem
488 717 626 789 caputhoc
636 724 743 773 ventosa
753 717 889 773 cucurbita
899 719 1042 789 quaerat?

346 793 454 865 Hospite
464 801 584 858 venturo,
596 793 710 848 cessabit
719 808 797 847 nemo
806 798 924 846 tuorum.

254 878 280 921 tu
310 870 388 924 Verre
398 865 590 940 pavimentum,
603 867 700 921 nitidas
709 867 818 922 ostende
826 865 980 935 columnas,

309 943 383 998 arida
393 960 455 998 cum
467 951 518 999 tcta
528 942 669 998 descendat
677 960 771 997 aranea
782 941 841 1008 tela,

309 1018 354 1073 hic
363 1018 432 1072 lavet
440 1025 589 1090 argentum,
600 1035 664 1074 uasa
672 1035 765 1089 aspera
776 1024 875 1092 tergeat
883 1016 963 1087 alter3

310 1092 472 1147 vendemini
483 1089 571 1146 lremit
581 1092 703 1147 instantis
713 1093 872 1166 virgamque
881 1096 1011 1149 tenentis.

307 1167 378 1240 Ergo
387 1167 468 1221 miser
481 1166 606 1240 trepidas,
618 1184 651 1222 ne
661 1174 773 1222 stercora
781 1167 856 1223 foeda
864 1169 963 1239 canino

254 1251 279 1296 ta
308 1240 631 1314 atriadispliceantcculis
645 1242 871 1307 venientisamici‚

309 1335 342 1373 ne
351 1316 456 1389 perlusa
466 1316 522 1371 luto
533 1318 569 1372 sit
579 1315 695 1389 perticus
703 1335 718 1387 3>
730 1325 853 1372 ettamen
862 1334 917 1372 unc

308 1391 955 1448 semedicsccbishaecemuudatservulusunus.

309 1465 378 1522 lllud
389 1484 441 1522 nnn
453 1467 546 1540 agitas,
557 1475 588 1523 nt
597 1474 715 1522 sanctam
725 1466 797 1523 filius
806 1468 881 1522 omni

307 1541 435 1611 adspiciat
444 1542 502 1595 sine
514 1541 573 1596 labe
582 1542 692 1596 domurn
703 1541 822 1615 vitiaque
830 1543 981 1597 carentem?

253 1626 279 1670 tu
308 1615 419 1671 Gratum
428 1624 477 1682 est,
489 1616 561 1689 quod
572 1616 670 1689 patriae
679 1617 765 1674 civem
775 1617 1041 1691 populoquededisti‚

307 1692 329 1745 si
340 1690 413 1758 lacis,
428 1701 458 1747 ut
467 1693 564 1764 patriae
575 1695 609 1747 sit
620 1692 740 1763 idoneus,
753 1696 826 1750 utilis
834 1694 915 1767 agris,

242 1780 245 1785 ’
310 1766 382 1821 utilis
392 1775 417 1821 et
428 1767 557 1823 bellorum
567 1777 593 1822 ct
603 1768 682 1824 rebus
692 1772 763 1842 pacis
776 1770 896 1844 agendis.

308 1839 458 1895 Plurimum
475 1842 545 1895 enim
561 1843 687 1907 intererit,
698 1845 797 1917 quibus
811 1845 912 1900 artibus
922 1844 1062 1918 atquibus

712 1922 818 1976 hunctu
905 1923 908 1927 ’

306 1988 426 2045 moribus
436 1989 570 2048 instituas.
600 1992 724 2065 Serpeute
732 1995 830 2051 ciconia
841 1994 930 2066 pullos

251 2074 277 2118 75
306 2066 397 2130 nutrit.
408 2072 434 2120 et
445 2066 551 2121 inventa
564 2085 612 2140 par
621 2066 697 2123 davia
708 2087 769 2125 rura
782 2070 888 2125 lacerta:

307 2139 345 2193 illi
355 2139 446 2195 eadem
455 2142 551 2197 sumtis
561 2150 693 2214 quaerunt
702 2145 825 2200 animalia
835 2144 937 2215 pinnis.
973 2155 976 2166 ’

308 2214 410 2278 Vultur,
425 2216 544 2272 iumento
553 2226 579 2272 et
590 2218 702 2273 canibus
712 2219 889 2291 crucibusque
900 2218 1009 2287 relictis,

306 2289 338 2343 ad
348 2286 416 2344 fetus
426 2306 548 2363 properat
556 2302 712 2366 partemque
721 2294 855 2351 cadaveris
864 2294 946 2349 affert.

308 2364 354 2418 llic
363 2372 401 2418 ast
410 2381 473 2439 ergo
482 2368 558 2422 cibus
568 2370 660 2443 magni
671 2388 777 2444 quoque
787 2370 910 2433 vulturiS,
921 2377 987 2425 etse

251 2448 277 2491 tu
306 2440 445 2510 pascentis,
457 2443 562 2513 propria
573 2462 660 2515 quum
671 2446 722 2502 iam
731 2445 792 2502 lacit
800 2444 989 2500 arboranidcs.

305 2514 356 2569 Sed
365 2513 479 2586 leporem
489 2524 535 2571 aut
543 2534 663 2591 capream
677 2519 790 2577 famulae
800 2519 870 2576 lovis
879 2526 905 2575 et
913 2536 1058 2592 generosae

306 2590 333 2645 ln
344 2588 413 2645 saltu
424 2599 554 2648 venantur
563 2611 639 2652 aves:
660 2602 724 2652 tuuc
735 2595 831 2668 praeda
844 2593 926 2650 cubili

305 2665 425 2738 ponitur:
447 2666 509 2724 inde
521 2676 620 2736 autem
631 2688 718 2744 quum
727 2687 755 2726 se
765 2678 867 2727 matura
882 2669 981 2725 lavabit
1060 2703 1070 2710 -
