2250 3250
187 179 234 230 ll8
447 178 659 228 {UVENALIS

130 294 156 336 ιι
184 282 217 335 de
226 281 369 355 Corcyraea
379 289 503 336 temetum
513 282 623 336 duxerat
635 298 716 336 urna:

185 355 259 411 solus
268 358 339 411 enim
351 356 400 411 lroc
411 357 513 410 ithacus
523 357 598 411 nullo
607 356 659 410 sub
669 363 733 411 teste
742 356 858 410 canebat.

185 433 239 484 Nos
249 430 368 485 miranda
377 431 495 502 quidem,
507 431 554 485 sed
564 447 650 501 nuper
659 428 774 485 Consule
783 432 857 485 lunio

185 515 257 579 gesta
267 523 346 576 super
355 504 454 560 calidae
464 505 605 560 referemus
616 505 717 558 moenia
728 505 802 576 Copti
811 524 817 573 3

186 579 314 651 nosvulgi
325 579 419 642 scelus,
431 579 566 634 etcunctis
575 580 694 652 graviora
704 579 849 633 cothurnis

131 666 157 709 3⁰
186 656 254 727 Nam
268 653 353 708 soclus
367 672 383 706 a
397 654 511 728 Pyrrha,
505 670 693 779 ,quamqluam
711 653 801 708 omnia
815 665 925 727 syrmata

587 743 687 791 vovas,

187 800 278 856 nullus
288 800 359 871 apud
370 802 481 874 tragicos
492 800 606 872 populus
616 800 686 855 lacit
726 799 831 873 Accipe,
844 811 927 858 nostro

185 876 243 930 dira
253 876 325 947 quod
334 876 486 946 exemplum
497 875 584 929 inritas
594 874 747 946 produxerit
756 894 830 931 aevo.

223 952 292 1004 inter
302 950 429 1004 fairinos
439 958 513 1004 vetus
523 958 601 1020 atque
610 950 719 1020 antiqua
729 950 862 1016 simultas,

185 1023 332 1078 immortale
341 1023 432 1077 odium
442 1032 468 1077 et
479 1040 618 1095 uunquam
629 1022 773 1077 sanabile
757 1025 859 1079 uulnus

131 1111 156 1154 35
184 1097 256 1152 ardet
265 1097 353 1151 adhuc
361 1097 456 1167 Coptos
465 1105 490 1151 et
500 1098 624 1171 Tentyra
658 1097 786 1152 Summus
797 1101 925 1172 utrunque

184 1173 246 1226 mdc
256 1170 328 1226 furor
338 1172 428 1244 vulgo
439 1171 512 1243 quod
520 1189 631 1226 numme
640 1188 787 1227 vicinorum

185 1247 240 1302 odit
250 1255 361 1318 uterque
371 1245 452 1310 locus
465 1264 549 1316 quum
559 1245 629 1300 solos
639 1246 726 1301 credat
736 1247 873 1303 habendos

184 1320 545 1392 esscdcos,qnosrpseocl1t.
575 1320 826 1390 Sadtemporeiesto

184 1394 291 1449 alterius
301 1395 391 1481 populi
403 1396 525 1466 rapienda
537 1395 637 1449 occasio
645 1396 747 1449 cunctis

130 1478 155 1524 io
184 1487 241 1523 visa
251 1485 419 1523 mimicorum
429 1470 590 1540 primoribus
603 1485 632 1522 ac
641 1469 764 1535 ducibus
778 1487 812 1524 ne

184 1543 281 1596 laetum
297 1542 460 1628 hilaremque
472 1544 552 1606 diem,
569 1561 601 1598 ne
611 1545 827 1617 maguaegaudia
837 1561 937 1601 coenae

184 1617 319 1680 sentirent
333 1617 426 1688 positis
438 1616 471 1672 nd
482 1618 577 1690 templa
587 1627 612 1673 et
621 1618 733 1690 mmpita
744 1621 844 1674 mensis

184 1691 432 1765 pervigiliquetoro,
446 1710 525 1762 quem
539 1693 719 1748 luceacnocte
730 1694 857 1749 iacentem
958 1688 963 1693 ’

184 1768 313 1835 septimus
324 1768 420 1820 interea
429 1767 485 1819 sol
478 1767 587 1821 invenit.
619 1767 729 1822 Horrida
740 1785 804 1822 sane

128 1848 154 1894 45
183 1847 222 1891 est
231 1838 338 1907 Coptos
360 1839 407 1891 sed
418 1839 531 1903 luxuria
543 1849 674 1909 quantum
685 1857 742 1912 ipse
752 1843 850 1907 notavi

183 1911 293 1966 barbara
303 1910 403 1966 famoso
412 1930 465 1967 non
475 1881 543 1968 cedit
556 1915 632 1971 turba
641 1916 756 1987 Canopo

183 1986 266 2051 Adde,
279 1987 351 2057 quod
362 1986 478 2042 etfacilis
489 1990 595 2044 victoria
604 1991 637 2044 de
645 1990 760 2045 madidis
770 1999 796 2045 et

183 2061 279 2116 blaesis
289 2071 367 2131 atque
377 2079 449 2116 maro
460 2063 642 2118 titubantibus
673 2064 737 2120 lade
746 2078 866 2120 virorum

182 2136 330 2189 saltatus'
303 2153 380 2208 nigro
392 2137 506 2201 tibicine,
518 2137 724 2224 qualiacumque

129 2220 154 2263 so
182 2217 328 2295 unguenta,
340 2218 366 2263 et
374 2210 459 2275 liores
473 2212 641 2284 multaeque
634 2231 661 2267 m
673 2212 757 2268 fronte
768 2229 894 2270 coronae:

182 2283 261 2337 hinc
255 2283 374 2338 ieiunum
384 2254 483 2339 odiuln.
513 2287 581 2341 Sed'
575 2288 660 2360 iurgia
668 2288 755 2359 prima
767 2304 863 2343 sonare

182 2357 314 2426 incipiunt
323 2376 419 2412 ammrs
428 2359 596 2416 ardentibus
618 2363 681 2417 haec
692 2361 785 2416 tuba
763 2378 847 2421 rixae

182 2431 282 2485 Dehinc
290 2430 404 2486 clamore
414 2434 469 2503 pari
480 2437 653 2503 concurritur,
667 2443 693 2491 et
701 2453 759 2492 vica
768 2436 813 2491 teli

183 2507 266 2560 saevit
276 2506 346 2560 nuda
357 2524 460 2561 manns.
492 2510 625 2565 Paucae
602 2528 660 2565 sina
670 2511 780 2566 vulnere
789 2510 884 2566 malae.

128 2592 154 2635 55
183 2579 367 2653 Vixcuiqnam
379 2580 562 2639 autnullitoto
571 2585 805 2640 contaminanasus

182 2656 292 2730 integer.
321 2655 475 2732 Adspiceres
488 2657 541 2713 iam
554 2667 606 2715 tota
618 2676 665 2732 per
674 2660 782 2734 agmina
793 2658 887 2720 vultus

1010 2281 1019 2330 'l

1009 2335 1014 2362 l
