2250 3250
302 231 335 286 42
385 274 388 280 .
564 235 776 283 IUVENALIS

186 408 189 413 7
301 320 462 403 Quaeoausa
474 334 572 391 oflicii?
592 338 662 403 Quid
671 334 797 407 quomis?
814 339 888 391 nobi
897 339 1009 403 emitas,

242 423 285 485 ,iti
299 415 449 467 arenarios
461 415 574 481 adhibet,
594 413 685 467 Liceat
695 415 880 467 modomoeroe
899 414 971 481 fieret,

301 493 366 558 {ient
375 491 427 542 istu
433 489 533 554 palam,
545 491 649 554 cupient
658 496 683 542 et
692 492 720 541 ia
730 495 791 541 aeto
802 490 906 555 resolvi.

300 563 666 628 Imereatermentuminpens
674 564 933 622 mrbemibueltoeret,

302 640 371 706 qued
380 640 977 705 mquaontpnrereetparturetineremoritos

303 711 355 767 Sed
364 713 464 773 melios,
474 713 543 779 quod
552 713 593 764 nil
604 714 700 764 animis
708 709 738 765 t‘n
748 714 933 778 corpore-iuris

235 791 286 840 1111
301 794 399 840 notura
408 787 534 854 indulqet.
563 783 673 841 Steriiee
681 790 833 851 morientur,
844 788 933 839 stillis

249 886 258 893 -
303 864 796 929 tarpidnnonprodestoonditapyside
805 860 885 928 Lyde,

215 998 220 1008 ,
302 953 349 990 nee
355 939 461 1003 prodest
470 938 536 1004 opita·
542 938 646 1003 palmes
653 938 779 1003 praebere
788 935 916 1003 Luperco.

340 1009 408 1065 Vicit
420 1009 505 1063 etheo
516 1017 666 1064 monstrum
677 1008 786 1064 tunicati
797 1007 900 1063 fuscina
909 1006 1034 1075 Gr'aoehi,

302 1083 477 1154 lustravitque
486 1081 549 1156 iuga
559 1083 675 1138 mediam
686 1083 815 1157 gladiator
824 1101 942 1151 arenam,

249 1168 288 1215 115
303 1167 328 1214 et
338 1156 493 1229 Capitolinis
502 1159 653 1231 generosior
662 1157 827 1214 etblaroellis

251 1267 253 1271 .
301 1241 327 1289 a
339 1231 449 1298 catara,
460 1232 615 1306 Paulusque
625 1220 809 1289 minbribusat
818 1233 908 1289 Fabiis
917 1240 944 1287 a

302 1308 428 1364 omuibus
441 1307 475 1362 ad
488 1307 599 1380 podium
609 1309 797 1380 spectantibus.
837 1309 883 1363 llis
894 1308 954 1363 lieet
963 1308 1053 1380 ipsum

302 1383 452 1448 admoveas,
464 1384 541 1438 euius
550 1389 615 1438 tunc
623 1400 734 1438 munere
747 1384 810 1438 retia
823 1384 907 1438 misit.

339 1459 406 1514 Esse
414 1456 517 1531 aliquid
525 1459 617 1514 Manes
627 1466 653 1512 et
661 1459 831 1513 subterranea
842 1475 934 1531 regna,

249 1546 287 1588 15⁰
302 1539 453 1597 eteontum,
467 1540 492 1587 et
500 1532 594 1606 Stygio
604 1548 682 1588 ranas
691 1533 719 1587 iu
729 1534 835 1607 gurgite
844 1533 944 1607 nigras,

303 1616 382 1680 atque
393 1625 447 1662 una
456 1609 569 1663 transire
578 1608 678 1663 vadum
689 1615 725 1664 tot
734 1608 817 1664 millia
827 1609 933 1683 cymba,

304 1700 352 1738 neo
366 1683 440 1754 pueri
454 1682 574 1750 eredunt,
590 1684 642 1738 nisi
657 1684 705 1756 qui
722 1685 840 1739 nondum
850 1684 1053 1740 aerelavantur.

304 1757 355 1814 Sed
366 1767 395 1813 tu
404 1775 466 1813 vera
476 1766 554 1829 puta:
576 1758 674 1814 Curius
683 1760 750 1831 quid
759 1760 847 1824 sentit,
859 1767 885 1814 et
894 1759 974 1814 ambo

286 1832 447 1904 ,Scipiadae
459 1832 527 1905 quid
536 1833 673 1888 Fabricius
684 1850 828 1907 manesque
837 1834 953 1899 Camilli,
1061 1875 1070 1898 ,

249 1919 288 1963 its
302 1906 368 1978 quid
378 1906 514 1962 Cremerae
528 1907 605 1980 legio,
623 1915 649 1963 et
658 1908 757 1964 Cannis
767 1917 905 1965 mnsumta
914 1910 1051 1965 iuventus.

304 1989 340 2037 tot
349 1979 479 2037 bellorum
489 1982 603 2049 animae,
618 1985 722 2057 quoties
732 1984 795 2039 hino
805 1984 865 2039 talis
875 1983 908 2038 ad
922 1984 982 2040 illos

304 2057 401 2111 umbra
410 2056 501 2112 venit‘l
519 2057 652 2129 Cuperent
660 2057 775 2123 lustrari,
787 2059 810 2113 si
820 2076 873 2132 qua
881 2059 1009 2115 darentur

304 2131 433 2204 sulphura
442 2149 503 2187 oum
513 2133 606 2204 taedis,
617 2141 643 2188 et
653 2134 675 2187 si
686 2132 752 2189 leret
761 2134 873 2190 humida
882 2134 986 2191 laurus.

304 2205 445 2261 llluoheui
467 2207 556 2263 miseri
566 2208 740 2264 traducimur.
774 2210 856 2264 Arma
865 2208 974 2281 quidem
985 2211 1053 2266 ultra

249 2292 289 2335 iso
305 2281 379 2336 litora
389 2281 516 2337 Iuvernae
524 2283 716 2354 promovimus,
728 2291 754 2339 et
765 2283 843 2339 modo
853 2292 942 2356 captas

303 2354 427 2420 Orcadas,
438 2373 468 2410 ao
476 2358 587 2413 minima
592 2365 732 2414 eontentos
741 2368 816 2415 nocta
823 2359 977 2415 britannos:

303 2430 351 2485 sed
360 2447 429 2501 quae
438 2448 510 2487 nunc
518 2431 610 2504 populi
622 2432 689 2488 siunt
698 2434 804 2489 rictons
812 2435 841 2489 in
850 2435 927 2500 urbe,

305 2522 357 2559 non
368 2503 467 2560 iaciunt
478 2505 526 2571 ilii,
538 2523 607 2580 qnos
616 2506 741 2564 vicimus.
773 2510 807 2565 Et
816 2518 903 2564 tamen
913 2527 986 2565 unus

304 2580 447 2635 Armenius
456 2581 556 2637 Zalates
565 2584 667 2638 cunetis
677 2592 798 2639 narratur
809 2584 920 2657 ephebis

251 2665 290 2710 115
305 2653 409 2710 mollior
419 2654 520 2712 ardenti
529 2674 587 2714 sese
596 2657 740 2714 indulsisse
748 2659 876 2715 Tribuno.

305 2729 427 2802 Adspioe,
441 2731 508 2805 quid
517 2731 614 2789 leniant
623 2734 793 2788 oommeroia!
815 2735 927 2792 Venerat
935 2735 1024 2793 obses.
1085 2765 1093 2773 ·
