2250 3250
166 176 176 185 “
278 130 322 221 84,
542 172 756 221 luvenams

278 270 354 327 Illam
367 289 416 346 ego
427 290 480 330 non
490 273 607 341 tulerim,
621 290 689 346 quae
698 279 842 347 computat,
853 281 880 331 et
888 272 987 333 eaelus
1000 276 1053 335 in-

714 366 747 406 ne
822 369 827 373 ·

277 420 419 476 sanataeit.
449 422 572 494 Spectant
580 365 739 481 subeungtim
749 423 801 479 lata
810 425 898 479 mariti

277 496 412 561 Aleestim,
424 504 458 561 et,
469 497 567 553 similis
578 498 603 568 si
612 499 769 570 permutatio
777 499 862 564 detur,
899 568 902 572 ι

125 602 129 611 ·
279 579 362 626 morte
371 570 422 625 viri
431 571 539 643 cupiant
551 573 669 628 animam
679 573 909 629 servoreeatellae.

144 650 150 661 '
223 657 262 700 655
277 646 419 701 Oecurrent
428 645 527 701 multae
535 646 584 703 tibi
594 647 696 703 Belides
705 655 785 720 atque
793 647 939 721 Eriphylae
955 682 962 687 -

278 737 369 775 mane:
391 719 626 794 Clytaemnestram
638 721 730 778 nullus
740 740 793 779 non
803 722 1021 780 vieushebebit,

279 797 444 851 Hoetautum
455 796 540 862 relert,
554 797 628 869 qued
637 796 768 870 Tyndaris
777 796 823 852 illa
832 797 986 869 bipennem

278 870 409 926 insulsam
421 879 447 926 et
455 872 554 928 fatuam
565 871 639 927 laeva
646 873 791 945 dextraque
800 872 913 928 tenebat.

277 946 311 1000 At
322 962 394 1000 nune
403 964 468 1001 resa
490 947 542 1001 itur
550 947 623 1003 tenui
632 946 760 1018 pulmone
769 946 889 1016 rubetae;

223 1030 263 1073 tta
277 1019 324 1075 sed
335 1027 421 1075 tamen
431 1030 456 1074 et
465 965 541 1085 ferro,
552 1022 575 1075 si
585 1029 765 1094 praegustaret
773 1021 877 1076 Atrides

278 1094 384 1151 Pontica
392 1101 431 1151 ter
440 1096 605 1152 victimatus
614 1094 788 1153 medicamina
799 1096 878 1171 regie.

473 1320 713 1397 sarran
760 1338 838 1395 vu.

278 1490 353 1528 Aac.
370 1488 455 1527 Miseria
468 1488 591 1525 describitur
603 1493 624 1524 et
634 1492 758 1535 ementur,
771 1500 810 1540 quo
821 1488 901 1527 nuent
912 1487 937 1535 ii,
946 1493 990 1541 qui
1001 1507 1038 1532 u.

324 1678 442 1721 habeantur.
510 1711 512 1716 .

317 1753 356 1814 Et
365 1776 426 1830 spes
435 1766 460 1814 et
469 1759 535 1813 ratio
543 1758 693 1814 studiorum
703 1755 733 1813 in
742 1756 851 1816 Caesare
862 1767 970 1819 tantum
982 1782 992 1820 ι

278 1834 351 1890 solus
361 1834 432 1888 enim
444 1832 529 1886 tristes
538 1832 588 1888 hae
597 1839 748 1904 tempestate
757 1833 885 1890 Camenas

278 1907 400 1980 respexit,
412 1923 497 1977 quum
508 1906 560 1962 iam
574 1906 687 1963 celebres
697 1907 806 1979 notique
814 1916 904 1979 poetae

278 1981 428 2041 balneolum
439 1981 539 2045 Gabiis,
551 1982 648 2037 Romae
657 1982 801 2037 eondueere
810 1981 903 2040 furnes

224 2073 236 2115 5
278 2065 414 2123 tentarent,
426 2074 474 2112 nee
483 2056 590 2112 foedum
599 2055 644 2111 alii
654 2074 701 2111 nee
713 2065 791 2129 turpe
799 2064 921 2129 putarent

278 2149 419 2207 praecones
432 2131 496 2195 fieri,
508 2148 604 2204 quum,
617 2131 725 2186 desertis
736 2132 887 2205 Aganippes

280 2207 403 2271 vallibus,
414 2207 532 2262 esuriens
542 2206 667 2280 migraret
677 2207 705 2261 in
712 2206 777 2261 atria
787 2205 854 2262 Clio.

278 2285 346 2338 Nam
357 2282 379 2336 ei
394 2281 478 2336 Pieria
487 2281 621 2353 quadrans
631 2280 678 2338 tibi
689 2280 780 2336 nullus
790 2280 818 2336 in
827 2297 887 2336 area

278 2356 438 2421 ostendatur,
449 2372 521 2410 ames
531 2372 629 2413 nomen
637 2354 790 2428 rictumque
800 2356 960 2420 Machaerae,

225 2445 250 2487 ru
278 2440 304 2488 et
312 2431 411 2488 vendas
420 2430 517 2502 potius,
528 2429 669 2486 eommissa
679 2430 751 2503 quod
763 2431 848 2488 auctio
857 2430 949 2487 vendit

279 2505 420 2569 stantibus,
431 2504 622 2577 oenophorum,
637 2506 762 2578 tripodas,
775 2507 897 2572 armaria,
909 2505 1006 2572 cistas,

280 2582 424 2656 alcyonem
436 2580 520 2646 Pacel,
533 2580 637 2637 Thebas
646 2589 671 2638 et
681 2582 760 2636 Terea
769 2580 871 2636 Fausti.

279 2659 333 2713 Hoe
342 2656 434 2723 satine,
445 2672 527 2730 quam
537 2656 561 2711 si
570 2655 642 2712 dieas
654 2656 707 2711 sub
719 2655 814 2722 iudioe,
826 2654 897 2723 Vidi,
