2250 3250
268 198 315 249 uu
531 201 743 248 1uvnunn1s
819 168 822 173 ’

265 320 319 358 non
328 308 437 375 cogente
446 299 565 372 quidem.
576 302 621 357 aed
628 318 676 356 nec
685 299 839 372 prohibente
852 301 969 367 tribuno,

264 377 411 448 scripturus
422 376 493 449 leges
502 383 528 429 et
537 377 608 449 regia
619 376 697 431 verba
709 375 828 430 lanistae.
1036 396 1041 403 ·

264 453 361 507 Multos
371 467 448 522 porro
457 450 540 514 vides,
552 466 620 522 quos
630 462 708 521 saepe
716 450 807 505 eiusne
817 450 850 505 ad
860 451 951 522 ipsum

211 537 236 581 tt
264 528 376 581 creditor
386 525 521 579 introitum
530 524 597 579 solet
608 533 758 596 exspectare
769 525 883 591 macelli,

264 601 398 673 atquibus
408 600 435 654 in
446 599 502 653 solo
512 599 619 654 vivendi
631 616 710 654 causa
720 599 806 671 palato
818 608 871 659 est.

264 675 395 748 Egregius
403 681 494 728 coenat
503 674 654 747 meliusque
662 675 937 730 miserrimuahorum

264 750 529 804 etcitocasuruaiam
540 749 786 821 perlucentoruina.
978 745 984 753 '

265 827 365 879 Interea
374 832 469 896 gustus
478 823 607 879 elementa
620 825 765 896 peremnia
774 832 915 907 quaerunt,

210 910 235 953 15
265 917 413 971 numquam
423 900 512 954 animo
522 900 612 970 pretiis
622 899 798 953 obstantibus.
829 899 943 952 Interius
952 898 977 952 si

264 976 390 1037 attendas,
402 975 487 1045 magis
499 973 541 1028 iila
553 976 654 1035 iuvant.
665 991 735 1046 qnae
743 973 829 1045 pluris
836 979 974 1028 emuntur.

265 1049 335 1119 Ergo
348 1046 419 1101 haud
426 1046 585 1113 difficilem,
595 1049 737 1120 perituram
744 1065 1016 1103 accerseresummam

265 1122 385 1177 lancibus
393 1122 531 1194 oppositis,
543 1123 584 1178 vel
595 1123 687 1177 matris
698 1122 813 1196 imagine
823 1121 912 1189 fracta,
979 1156 982 1159 Δ

264 1206 288 1252 et
301 1196 502 1271 quadringentis
515 1198 605 1253 nnmis
614 1198 721 1253 condire
731 1197 857 1270 gulosum

210 1283 236 1326 20
265 1272 356 1327 fictile:
377 1272 416 1327 sic
426 1273 536 1328 veniunt
545 1274 580 1328 ad
588 1272 755 1328 miscellanea
766 1272 833 1327 iudi.

124 1348 127 1353 ’
265 1347 351 1402 Refert
364 1365 436 1421 ergo,
453 1349 516 1420 quis
532 1348 596 1403 haec
605 1348 696 1402 eadam
706 1355 791 1419 paret:
814 1346 841 1400 in
851 1345 940 1403 Rutilo
951 1364 1016 1402 nam

265 1422 371 1477 luxuria
382 1434 430 1485 est,
444 1424 470 1477 in
482 1423 603 1478 Ventidio
612 1422 744 1478 laudabile
755 1439 849 1476 nomen

265 1497 356 1559 sumit,
368 1504 506 1551 etaccnsu
518 1496 616 1566 [amam
628 1497 715 1551 trahit.
745 1497 952 1569 iiiumegninra
1111 1530 1112 1599 1

265 1570 417 1642 dmpiciam.
429 1570 475 1644 qui
487 1570 545 1632 scit,
557 1579 657 1643 quanto
667 1571 807 1627 sublimior
817 1571 891 1626 Atlas

210 1656 236 1699 25
264 1646 390 1701 omnibus
402 1647 428 1701 in
439 1647 522 1719 Libya
533 1647 728 1720 sitmontibua‘,
750 1645 976 1701 hictamenidem
1110 1657 1111 1718 t

264 1722 376 1794 ignoret,
391 1730 520 1793 quantum
534 1721 626 1776 ferrata
636 1721 715 1777 distet
723 1721 756 1776 ab
766 1738 825 1775 aron

265 1794 395 1849 saeuius.
424 1794 906 1860 nweuaesoenanneaiaumav,
1109 1765 1110 1838 i

266 1867 402 1940 figendum
416 1876 441 1922 et
451 1869 561 1925 memori
574 1870 856 1941 tractandum‘pectore,
868 1870 925 1922 sive
1108 1897 1109 1956 r

264 1942 418 2015 coniugium
428 1960 549 2015 quaeras,
560 1943 601 1999 val
613 1945 680 1999 sacri
691 1946 717 1999 in
729 1954 801 2015 parta
810 1943 922 2000 Senatus

211 2025 245 2068 3ο,
265 2034 323 2071 esse
330 2017 412 2082 reiis:
433 2019 561 2073 necenim
573 2018 678 2074 ioricam
690 2018 894 2090 poscitdchiilis

265 2092 407 2153 Thersites.
420 2092 511 2164 inqua
524 2110 553 2147 se
561 2094 713 2148 traducebat
725 2092 825 2148 Ulixes.

265 2165 411 2237 Ancipitem
422 2184 468 2221 seu
478 2176 506 2222 tu
519 2184 615 2241 magno
624 2168 776 2222 discrimine
788 2183 895 2222 causam

265 2249 399 2313 protegere
409 2241 519 2305 affectas,
532 2251 557 2297 ta
566 2242 687 2309 consule;
708 2242 751 2297 dic
763 2242 820 2303 tibi,
835 2240 883 2312 qui
893 2239 940 2305 sis,

264 2324 350 2369 orator
359 2317 509 2379 vehemens,
525 2335 559 2372 an
569 2317 676 2374 Curtius
685 2323 710 2371 et
719 2315 807 2372 Matho
816 2316 920 2371 buccae

211 2398 237 2442 35
266 2390 402 2445 Noscenda
411 2399 450 2445 est
460 2407 584 2446 mensura
597 2392 639 2446 aui
650 2391 843 2463 spectandaque
853 2389 932 2443 rebus

266 2465 293 2519 in
304 2482 419 2519 summis
433 2465 615 2535 minimisque,
627 2467 704 2523 etiarn
714 2483 799 2538 quum
810 2464 890 2537 piscis
899 2469 1010 2523 emetur.

266 2555 300 2593 ne
309 2538 423 2593 mudum
432 2539 533 2609 cupias,
540 2556 631 2610 quum
642 2540 677 2594 sit
686 2541 733 2595 tibi
742 2537 822 2614 gc'nio
830 2546 934 2594 tantum

211 2637 213 2641 ,
266 2613 294 2667 in
306 2612 407 2669 loculis.
436 2612 502 2679 Quis
511 2613 583 2668 anim
593 2622 626 2678 te,
638 2614 773 2670 deficiente
782 2629 907 2669 crumena

265 2695 291 2744 ct
299 2696 428 2743 noscente
439 2685 512 2763 gula,
525 2690 718 2755 mandarius,
728 2706 787 2745 aere
795 2696 904 2765 paterno
