<?xml version="1.0" encoding="UTF-8"?>
<!DOCTYPE html PUBLIC "-//W3C//DTD XHTML 1.0 Transitional//EN"
    "http://www.w3.org/TR/xhtml1/DTD/xhtml1-transitional.dtd">
<html xmlns="http://www.w3.org/1999/xhtml" xml:lang="en" lang="en">
 <head>
  <title>
</title>
<meta http-equiv="Content-Type" content="text/html;charset=utf-8" />
  <meta name='ocr-system' content='tesseract 3.04.00' />
  <meta name='ocr-capabilities' content='ocr_page ocr_carea ocr_par ocr_line ocrx_word'/>
</head>
<body>
  <div class='ocr_page' id='page_1' title='image "apersiiflacciet01weisgoog_0087.png"; bbox 0 0 2250 3250; ppageno 0'>
   <div class='ocr_carea' id='block_1_1' title="bbox 9 172 812 384">
    <p class='ocr_par' dir='ltr' id='par_1_1' title="bbox 9 172 812 384">
     <span class='ocr_line' id='line_1_1' title="bbox 335 172 812 262; baseline 0.008 -4"><span class='ocrx_word' id='word_1_1' title='bbox 335 210 481 261; x_wconf 75' lang='lat' dir='ltr'><strong>snrmn</strong></span> <span class='ocrx_word' id='word_1_2' title='bbox 502 210 545 260; x_wconf 80' lang='lat' dir='ltr'><strong>vi.</strong></span> <span class='ocrx_word' id='word_1_3' title='bbox 728 172 730 177; x_wconf 39' lang='lat'>¹</span> <span class='ocrx_word' id='word_1_4' title='bbox 778 207 812 262; x_wconf 78' lang='grc'><strong>33</strong></span> 
     </span>
     <span class='ocr_line' id='line_1_2' title="bbox 9 311 811 384; baseline 0.002 -17"><span class='ocrx_word' id='word_1_5' title='bbox 9 370 10 373; x_wconf 58' lang='grc'>,</span> <span class='ocrx_word' id='word_1_6' title='bbox 44 330 132 384; x_wconf 89' lang='lat' dir='ltr'><strong>quem</strong></span> <span class='ocrx_word' id='word_1_7' title='bbox 151 311 231 367; x_wconf 82' lang='lat' dir='ltr'><strong>dedit</strong></span> <span class='ocrx_word' id='word_1_8' title='bbox 245 311 309 371; x_wconf 76' lang='lat' dir='ltr'><strong>haec</strong></span> <span class='ocrx_word' id='word_1_9' title='bbox 323 312 476 383; x_wconf 83' lang='lat' dir='ltr'><strong>posuitque,</strong></span> <span class='ocrx_word' id='word_1_10' title='bbox 493 311 617 379; x_wconf 85' lang='lat' dir='ltr'><strong>modum,</strong></span> <span class='ocrx_word' id='word_1_11' title='bbox 634 319 730 379; x_wconf 81' lang='lat' dir='ltr'><strong>tomen,</strong></span> <span class='ocrx_word' id='word_1_12' title='bbox 748 315 811 370; x_wconf 90' lang='lat' dir='ltr'><strong>utile</strong></span> 
     </span>
    </p>
   </div>
   <div class='ocr_carea' id='block_1_2' title="bbox 8 387 910 2778">
    <p class='ocr_par' dir='ltr' id='par_1_2' title="bbox 8 387 910 2778">
     <span class='ocr_line' id='line_1_3' title="bbox 476 387 585 450; baseline -0.009 -9"><span class='ocrx_word' id='word_1_13' title='bbox 476 387 534 441; x_wconf 63' lang='lat' dir='ltr'><strong>‘uid</strong></span> <span class='ocrx_word' id='word_1_14' title='bbox 543 388 585 450; x_wconf 90' lang='lat' dir='ltr'><strong>sit,</strong></span> 
     </span>
     <span class='ocr_line' id='line_1_4' title="bbox 8 404 865 534; baseline 0.007 -22"><span class='ocrx_word' id='word_1_15' title='bbox 8 508 10 511; x_wconf 78' lang='grc'>,</span> <span class='ocrx_word' id='word_1_16' title='bbox 45 460 225 532; x_wconf 82' lang='lat' dir='ltr'><strong>prospiciunt</strong></span> <span class='ocrx_word' id='word_1_17' title='bbox 235 460 379 532; x_wconf 78' lang='lat' dir='ltr'><strong>aliquando</strong></span> <span class='ocrx_word' id='word_1_18' title='bbox 387 461 448 525; x_wconf 85' lang='lat' dir='ltr'><strong>viri,</strong></span> <span class='ocrx_word' id='word_1_19' title='bbox 460 404 599 534; x_wconf 56' lang='lat' dir='ltr'><strong>liigusque</strong></span> <span class='ocrx_word' id='word_1_20' title='bbox 608 461 763 534; x_wconf 76' lang='lat' dir='ltr'><strong>famemque</strong></span> <span class='ocrx_word' id='word_1_21' title='bbox 826 475 865 518; x_wconf 81' lang='grc'><strong>333</strong></span> 
     </span>
     <span class='ocr_line' id='line_1_5' title="bbox 48 534 694 609; baseline 0.002 -21"><span class='ocrx_word' id='word_1_22' title='bbox 48 536 167 590; x_wconf 79' lang='lat' dir='ltr'><strong>formica</strong></span> <span class='ocrx_word' id='word_1_23' title='bbox 179 536 287 593; x_wconf 79' lang='lat' dir='ltr'><strong>tandem</strong></span> <span class='ocrx_word' id='word_1_24' title='bbox 297 534 406 606; x_wconf 83' lang='lat' dir='ltr'><strong>quidam</strong></span> <span class='ocrx_word' id='word_1_25' title='bbox 417 552 545 606; x_wconf 84' lang='lat' dir='ltr'><strong>expavere</strong></span> <span class='ocrx_word' id='word_1_26' title='bbox 558 537 694 609; x_wconf 81' lang='lat' dir='ltr'><strong>magistra.</strong></span> 
     </span>
     <span class='ocr_line' id='line_1_6' title="bbox 46 609 741 682; baseline 0.003 -19"><span class='ocrx_word' id='word_1_27' title='bbox 46 610 238 682; x_wconf 77' lang='lat' dir='ltr'><strong>Prodignnon</strong></span> <span class='ocrx_word' id='word_1_28' title='bbox 248 611 327 664; x_wconf 80' lang='lat' dir='ltr'><strong>sentit</strong></span> <span class='ocrx_word' id='word_1_29' title='bbox 343 620 495 682; x_wconf 87' lang='lat' dir='ltr'><strong>pereuntem</strong></span> <span class='ocrx_word' id='word_1_30' title='bbox 507 609 606 664; x_wconf 80' lang='lat' dir='ltr'><strong>femina</strong></span> <span class='ocrx_word' id='word_1_31' title='bbox 616 628 741 675; x_wconf 85' lang='lat' dir='ltr'><strong>oensum,</strong></span> 
     </span>
     <span class='ocr_line' id='line_1_7' title="bbox 48 684 658 756; baseline 0.007 -19"><span class='ocrx_word' id='word_1_32' title='bbox 48 701 88 748; x_wconf 75' lang='lat' dir='ltr'><strong>ao,</strong></span> <span class='ocrx_word' id='word_1_33' title='bbox 100 686 186 739; x_wconf 85' lang='lat' dir='ltr'><strong>uelut</strong></span> <span class='ocrx_word' id='word_1_34' title='bbox 195 685 322 739; x_wconf 84' lang='lat' dir='ltr'><strong>exhausta</strong></span> <span class='ocrx_word' id='word_1_35' title='bbox 333 685 468 739; x_wconf 82' lang='lat' dir='ltr'><strong>redivivus</strong></span> <span class='ocrx_word' id='word_1_36' title='bbox 478 684 591 756; x_wconf 82' lang='lat' dir='ltr'><strong>pullulet</strong></span> <span class='ocrx_word' id='word_1_37' title='bbox 600 703 658 741; x_wconf 82' lang='lat' dir='ltr'><strong>arca</strong></span> 
     </span>
     <span class='ocr_line' id='line_1_8' title="bbox 49 759 820 833; baseline 0.003 -21"><span class='ocrx_word' id='word_1_38' title='bbox 49 777 169 825; x_wconf 87' lang='lat' dir='ltr'><strong>numus,</strong></span> <span class='ocrx_word' id='word_1_39' title='bbox 182 767 207 813; x_wconf 86' lang='lat' dir='ltr'><strong>et</strong></span> <span class='ocrx_word' id='word_1_40' title='bbox 216 774 231 813; x_wconf 87' lang='lat' dir='ltr'><strong>e</strong></span> <span class='ocrx_word' id='word_1_41' title='bbox 240 759 319 830; x_wconf 88' lang='lat' dir='ltr'><strong>pleno</strong></span> <span class='ocrx_word' id='word_1_42' title='bbox 328 776 430 831; x_wconf 84' lang='lat' dir='ltr'><strong>semper</strong></span> <span class='ocrx_word' id='word_1_43' title='bbox 442 760 547 814; x_wconf 79' lang='lat' dir='ltr'><strong>tolletur</strong></span> <span class='ocrx_word' id='word_1_44' title='bbox 554 774 654 824; x_wconf 77' lang='lat' dir='ltr'><strong>acervo,</strong></span> <span class='ocrx_word' id='word_1_45' title='bbox 813 824 820 833; x_wconf 16' lang='grc' dir='ltr'>κ</span> 
     </span>
     <span class='ocr_line' id='line_1_9' title="bbox 49 834 862 908; baseline 0.007 -21"><span class='ocrx_word' id='word_1_46' title='bbox 49 850 103 888; x_wconf 87' lang='lat' dir='ltr'><strong>non</strong></span> <span class='ocrx_word' id='word_1_47' title='bbox 116 837 378 905; x_wconf 79' lang='lat' dir='ltr'><strong>nmquom&#39;reputat‚</strong></span> <span class='ocrx_word' id='word_1_48' title='bbox 390 836 482 905; x_wconf 84' lang='lat' dir='ltr'><strong>quanti</strong></span> <span class='ocrx_word' id='word_1_49' title='bbox 492 835 545 889; x_wconf 88' lang='lat' dir='ltr'><strong>sibi</strong></span> <span class='ocrx_word' id='word_1_50' title='bbox 554 836 652 908; x_wconf 76' lang='lat' dir='ltr'><strong>gaudia</strong></span> <span class='ocrx_word' id='word_1_51' title='bbox 661 845 787 891; x_wconf 80' lang='lat' dir='ltr'><strong>constent.</strong></span> <span class='ocrx_word' id='word_1_52' title='bbox 821 834 862 893; x_wconf 72' lang='grc'>335</span> 
     </span>
     <span class='ocr_line' id='line_1_10' title="bbox 87 906 890 983; baseline 0.005 -21"><span class='ocrx_word' id='word_1_53' title='bbox 87 909 174 973; x_wconf 78' lang='lat' dir='ltr'><strong>Sunt,</strong></span> <span class='ocrx_word' id='word_1_54' title='bbox 188 924 256 979; x_wconf 84' lang='lat' dir='ltr'><strong>quas</strong></span> <span class='ocrx_word' id='word_1_55' title='bbox 266 909 381 963; x_wconf 87' lang='lat' dir='ltr'><strong>eunuchi</strong></span> <span class='ocrx_word' id='word_1_56' title='bbox 395 908 514 965; x_wconf 74' lang='lat' dir='ltr'><strong>imbelles</strong></span> <span class='ocrx_word' id='word_1_57' title='bbox 525 927 554 964; x_wconf 82' lang='lat' dir='ltr'><strong>uc</strong></span> <span class='ocrx_word' id='word_1_58' title='bbox 564 910 654 964; x_wconf 85' lang='lat' dir='ltr'><strong>mollia</strong></span> <span class='ocrx_word' id='word_1_59' title='bbox 663 926 768 983; x_wconf 82' lang='lat' dir='ltr'><strong>semper</strong></span> <span class='ocrx_word' id='word_1_60' title='bbox 885 906 890 914; x_wconf 75' lang='grc'>’</span> 
     </span>
     <span class='ocr_line' id='line_1_11' title="bbox 49 983 602 1056; baseline 0.005 -20"><span class='ocrx_word' id='word_1_61' title='bbox 49 983 146 1038; x_wconf 81' lang='lat' dir='ltr'><strong>oscula</strong></span> <span class='ocrx_word' id='word_1_62' title='bbox 157 984 295 1048; x_wconf 77' lang='lat' dir='ltr'><strong>delectent,</strong></span> <span class='ocrx_word' id='word_1_63' title='bbox 310 992 335 1037; x_wconf 89' lang='lat' dir='ltr'><strong>et</strong></span> <span class='ocrx_word' id='word_1_64' title='bbox 344 984 491 1056; x_wconf 84' lang='lat' dir='ltr'><strong>desperatio</strong></span> <span class='ocrx_word' id='word_1_65' title='bbox 498 985 602 1049; x_wconf 80' lang='lat' dir='ltr'><strong>barbae,</strong></span> 
     </span>
     <span class='ocr_line' id='line_1_12' title="bbox 49 1059 704 1133; baseline 0.006 -22"><span class='ocrx_word' id='word_1_66' title='bbox 49 1067 75 1112; x_wconf 88' lang='lat' dir='ltr'><strong>et</strong></span> <span class='ocrx_word' id='word_1_67' title='bbox 86 1059 170 1130; x_wconf 91' lang='lat' dir='ltr'><strong>quod</strong></span> <span class='ocrx_word' id='word_1_68' title='bbox 180 1059 298 1114; x_wconf 78' lang='lat' dir='ltr'><strong>abortivo</strong></span> <span class='ocrx_word' id='word_1_69' title='bbox 307 1075 359 1113; x_wconf 88' lang='lat' dir='ltr'><strong>uon</strong></span> <span class='ocrx_word' id='word_1_70' title='bbox 369 1067 408 1113; x_wconf 88' lang='lat' dir='ltr'><strong>est</strong></span> <span class='ocrx_word' id='word_1_71' title='bbox 419 1077 496 1131; x_wconf 87' lang='lat' dir='ltr'><strong>opus.</strong></span> <span class='ocrx_word' id='word_1_72' title='bbox 526 1060 573 1114; x_wconf 87' lang='lat' dir='ltr'><strong>llla</strong></span> <span class='ocrx_word' id='word_1_73' title='bbox 584 1059 704 1133; x_wconf 87' lang='lat' dir='ltr'><strong>voluptas</strong></span> 
     </span>
     <span class='ocr_line' id='line_1_13' title="bbox 51 1134 773 1205; baseline 0.01 -20"><span class='ocrx_word' id='word_1_74' title='bbox 51 1151 168 1189; x_wconf 87' lang='lat' dir='ltr'><strong>summa</strong></span> <span class='ocrx_word' id='word_1_75' title='bbox 178 1144 275 1198; x_wconf 78' lang='lat' dir='ltr'><strong>tamen,</strong></span> <span class='ocrx_word' id='word_1_76' title='bbox 287 1135 358 1205; x_wconf 83' lang='lat' dir='ltr'><strong>quod</strong></span> <span class='ocrx_word' id='word_1_77' title='bbox 369 1134 421 1188; x_wconf 75' lang='lat' dir='ltr'><strong>iam</strong></span> <span class='ocrx_word' id='word_1_78' title='bbox 431 1134 514 1188; x_wconf 87' lang='lat' dir='ltr'><strong>calida</strong></span> <span class='ocrx_word' id='word_1_79' title='bbox 522 1143 548 1188; x_wconf 89' lang='lat' dir='ltr'><strong>et</strong></span> <span class='ocrx_word' id='word_1_80' title='bbox 558 1144 659 1189; x_wconf 84' lang='lat' dir='ltr'><strong>matura</strong></span> <span class='ocrx_word' id='word_1_81' title='bbox 669 1138 773 1192; x_wconf 82' lang='lat' dir='ltr'><strong>iuventa</strong></span> 
     </span>
     <span class='ocr_line' id='line_1_14' title="bbox 51 1208 910 1284; baseline 0.006 -24"><span class='ocrx_word' id='word_1_82' title='bbox 51 1209 171 1280; x_wconf 78' lang='lat' dir='ltr'><strong>inguina</strong></span> <span class='ocrx_word' id='word_1_83' title='bbox 181 1209 322 1263; x_wconf 86' lang='lat' dir='ltr'><strong>traduntur</strong></span> <span class='ocrx_word' id='word_1_84' title='bbox 333 1208 450 1274; x_wconf 80' lang='lat' dir='ltr'><strong>medicis,</strong></span> <span class='ocrx_word' id='word_1_85' title='bbox 463 1209 515 1263; x_wconf 84' lang='lat' dir='ltr'><strong>iam</strong></span> <span class='ocrx_word' id='word_1_86' title='bbox 527 1211 627 1280; x_wconf 74' lang='lat' dir='ltr'><strong>pectine</strong></span> <span class='ocrx_word' id='word_1_87' title='bbox 640 1212 725 1284; x_wconf 82' lang='lat' dir='ltr'><strong>nigro.</strong></span> <span class='ocrx_word' id='word_1_88' title='bbox 823 1223 862 1266; x_wconf 76' lang='lat' dir='ltr'><strong>tto</strong></span> <span class='ocrx_word' id='word_1_89' title='bbox 908 1213 910 1217; x_wconf 82' lang='grc'><strong>’</strong></span> 
     </span>
     <span class='ocr_line' id='line_1_15' title="bbox 51 1283 684 1356; baseline 0.005 -21"><span class='ocrx_word' id='word_1_90' title='bbox 51 1283 125 1356; x_wconf 82' lang='lat' dir='ltr'><strong>Ergo</strong></span> <span class='ocrx_word' id='word_1_91' title='bbox 134 1290 301 1355; x_wconf 73' lang='lat' dir='ltr'><strong>exspectatos</strong></span> <span class='ocrx_word' id='word_1_92' title='bbox 310 1298 340 1337; x_wconf 84' lang='lat' dir='ltr'><strong>ac</strong></span> <span class='ocrx_word' id='word_1_93' title='bbox 348 1284 435 1341; x_wconf 85' lang='lat' dir='ltr'><strong>iussos</strong></span> <span class='ocrx_word' id='word_1_94' title='bbox 444 1285 684 1356; x_wconf 76' lang='lat' dir='ltr'><strong>oresoeroprimnm</strong></span> 
     </span>
     <span class='ocr_line' id='line_1_16' title="bbox 52 1358 701 1429; baseline 0.003 -19"><span class='ocrx_word' id='word_1_95' title='bbox 52 1359 203 1422; x_wconf 84' lang='lat' dir='ltr'><strong>testiculos,</strong></span> <span class='ocrx_word' id='word_1_96' title='bbox 216 1364 356 1429; x_wconf 82' lang='lat' dir='ltr'><strong>postquam</strong></span> <span class='ocrx_word' id='word_1_97' title='bbox 366 1367 507 1428; x_wconf 86' lang='lat' dir='ltr'><strong>coeperunt</strong></span> <span class='ocrx_word' id='word_1_98' title='bbox 515 1375 573 1412; x_wconf 86' lang='lat' dir='ltr'><strong>esse</strong></span> <span class='ocrx_word' id='word_1_99' title='bbox 583 1358 701 1423; x_wconf 80' lang='lat' dir='ltr'><strong>bilibres,</strong></span> 
     </span>
     <span class='ocr_line' id='line_1_17' title="bbox 53 1431 649 1507; baseline 0 -21"><span class='ocrx_word' id='word_1_100' title='bbox 53 1435 175 1488; x_wconf 85' lang='lat' dir='ltr'><strong>tonsoris</strong></span> <span class='ocrx_word' id='word_1_101' title='bbox 184 1433 283 1487; x_wconf 84' lang='lat' dir='ltr'><strong>damno</strong></span> <span class='ocrx_word' id='word_1_102' title='bbox 294 1434 475 1507; x_wconf 85' lang='lat' dir='ltr'><strong>tautum&#39;rapit</strong></span> <span class='ocrx_word' id='word_1_103' title='bbox 485 1431 649 1487; x_wconf 85' lang='lat' dir='ltr'><strong>Heliodorus.</strong></span> 
     </span>
     <span class='ocr_line' id='line_1_18' title="bbox 54 1506 699 1580; baseline 0 -18"><span class='ocrx_word' id='word_1_104' title='bbox 54 1506 228 1580; x_wconf 82' lang='lat' dir='ltr'><strong>Conspicuus</strong></span> <span class='ocrx_word' id='word_1_105' title='bbox 238 1507 315 1580; x_wconf 82' lang='lat' dir='ltr'><strong>louge</strong></span> <span class='ocrx_word' id='word_1_106' title='bbox 324 1509 478 1579; x_wconf 85' lang='lat' dir='ltr'><strong>cunctisque</strong></span> <span class='ocrx_word' id='word_1_107' title='bbox 487 1508 610 1562; x_wconf 83' lang='lat' dir='ltr'><strong>notabilis</strong></span> <span class='ocrx_word' id='word_1_108' title='bbox 620 1508 699 1563; x_wconf 86' lang='lat' dir='ltr'><strong>intrat</strong></span> 
     </span>
     <span class='ocr_line' id='line_1_19' title="bbox 56 1582 861 1648; baseline 0.002 -12"><span class='ocrx_word' id='word_1_109' title='bbox 56 1582 163 1648; x_wconf 81' lang='lat' dir='ltr'><strong>balnea,</strong></span> <span class='ocrx_word' id='word_1_110' title='bbox 177 1599 225 1638; x_wconf 87' lang='lat' dir='ltr'><strong>neo</strong></span> <span class='ocrx_word' id='word_1_111' title='bbox 233 1582 315 1637; x_wconf 86' lang='lat' dir='ltr'><strong>dubie</strong></span> <span class='ocrx_word' id='word_1_112' title='bbox 323 1583 457 1637; x_wconf 87' lang='lat' dir='ltr'><strong>custodem</strong></span> <span class='ocrx_word' id='word_1_113' title='bbox 465 1584 527 1639; x_wconf 81' lang='lat' dir='ltr'><strong>ritis</strong></span> <span class='ocrx_word' id='word_1_114' title='bbox 538 1591 563 1638; x_wconf 87' lang='lat' dir='ltr'><strong>et</strong></span> <span class='ocrx_word' id='word_1_115' title='bbox 574 1583 641 1638; x_wconf 87' lang='lat' dir='ltr'><strong>horti</strong></span> <span class='ocrx_word' id='word_1_116' title='bbox 822 1595 861 1638; x_wconf 78' lang='grc'><strong>333</strong></span> 
     </span>
     <span class='ocr_line' id='line_1_20' title="bbox 56 1656 795 1728; baseline -0.001 -17"><span class='ocrx_word' id='word_1_117' title='bbox 56 1666 193 1727; x_wconf 83' lang='lat' dir='ltr'><strong>provocat,</strong></span> <span class='ocrx_word' id='word_1_118' title='bbox 204 1657 335 1714; x_wconf 77' lang='lat' dir='ltr'><strong>adomina</strong></span> <span class='ocrx_word' id='word_1_119' title='bbox 349 1656 432 1712; x_wconf 84' lang='lat' dir='ltr'><strong>lactus</strong></span> <span class='ocrx_word' id='word_1_120' title='bbox 443 1657 533 1728; x_wconf 85' lang='lat' dir='ltr'><strong>spado.</strong></span> <span class='ocrx_word' id='word_1_121' title='bbox 564 1657 735 1711; x_wconf 84' lang='lat' dir='ltr'><strong>Dormiatille</strong></span> <span class='ocrx_word' id='word_1_122' title='bbox 791 1689 795 1695; x_wconf 92' lang='lat'>-</span> 
     </span>
     <span class='ocr_line' id='line_1_21' title="bbox 54 1731 810 1805; baseline 0.005 -21"><span class='ocrx_word' id='word_1_123' title='bbox 54 1745 118 1800; x_wconf 77' lang='lat' dir='ltr'><strong>cnm</strong></span> <span class='ocrx_word' id='word_1_124' title='bbox 128 1731 253 1789; x_wconf 78' lang='lat' dir='ltr'><strong>domina:</strong></span> <span class='ocrx_word' id='word_1_125' title='bbox 274 1732 321 1787; x_wconf 85' lang='lat' dir='ltr'><strong>sed</strong></span> <span class='ocrx_word' id='word_1_126' title='bbox 332 1740 359 1787; x_wconf 86' lang='lat' dir='ltr'><strong>tu</strong></span> <span class='ocrx_word' id='word_1_127' title='bbox 372 1732 425 1787; x_wconf 88' lang='lat' dir='ltr'><strong>iam</strong></span> <span class='ocrx_word' id='word_1_128' title='bbox 437 1732 545 1796; x_wconf 84' lang='lat' dir='ltr'><strong>durum,</strong></span> <span class='ocrx_word' id='word_1_129' title='bbox 558 1733 689 1797; x_wconf 82' lang='lat' dir='ltr'><strong>Postume,</strong></span> <span class='ocrx_word' id='word_1_130' title='bbox 704 1733 810 1805; x_wconf 80' lang='lat' dir='ltr'><strong>iamque</strong></span> 
     </span>
     <span class='ocr_line' id='line_1_22' title="bbox 57 1806 747 1864; baseline 0.001 -4"><span class='ocrx_word' id='word_1_131' title='bbox 57 1808 225 1864; x_wconf 84' lang='lat' dir='ltr'><strong>tondendum</strong></span> <span class='ocrx_word' id='word_1_132' title='bbox 234 1808 356 1862; x_wconf 86' lang='lat' dir='ltr'><strong>eunucho</strong></span> <span class='ocrx_word' id='word_1_133' title='bbox 365 1809 500 1862; x_wconf 84' lang='lat' dir='ltr'><strong>Bromium</strong></span> <span class='ocrx_word' id='word_1_134' title='bbox 510 1807 672 1862; x_wconf 85' lang='lat' dir='ltr'><strong>committere</strong></span> <span class='ocrx_word' id='word_1_135' title='bbox 686 1806 747 1863; x_wconf 89' lang='lat' dir='ltr'><strong>noli.</strong></span> 
     </span>
     <span class='ocr_line' id='line_1_23' title="bbox 90 1882 638 1956; baseline 0 -19"><span class='ocrx_word' id='word_1_136' title='bbox 90 1883 124 1937; x_wconf 88' lang='lat' dir='ltr'><strong>-Si</strong></span> <span class='ocrx_word' id='word_1_137' title='bbox 135 1883 235 1956; x_wconf 82' lang='lat' dir='ltr'><strong>gaudet</strong></span> <span class='ocrx_word' id='word_1_138' title='bbox 245 1890 337 1936; x_wconf 87' lang='lat' dir='ltr'><strong>cantu:</strong></span> <span class='ocrx_word' id='word_1_139' title='bbox 359 1882 460 1936; x_wconf 83' lang='lat' dir='ltr'><strong>nullius</strong></span> <span class='ocrx_word' id='word_1_140' title='bbox 471 1882 551 1937; x_wconf 87' lang='lat' dir='ltr'><strong>fibula</strong></span> <span class='ocrx_word' id='word_1_141' title='bbox 560 1883 638 1937; x_wconf 89' lang='lat' dir='ltr'><strong>durat</strong></span> 
     </span>
     <span class='ocr_line' id='line_1_24' title="bbox 59 1957 860 2029; baseline 0.001 -19"><span class='ocrx_word' id='word_1_142' title='bbox 59 1973 152 2013; x_wconf 83' lang='lat' dir='ltr'><strong>vocem</strong></span> <span class='ocrx_word' id='word_1_143' title='bbox 164 1957 302 2013; x_wconf 82' lang='lat' dir='ltr'><strong>vendentis</strong></span> <span class='ocrx_word' id='word_1_144' title='bbox 312 1958 489 2029; x_wconf 84' lang='lat' dir='ltr'><strong>praetoribus:</strong></span> <span class='ocrx_word' id='word_1_145' title='bbox 509 1974 609 2029; x_wconf 82' lang='lat' dir='ltr'><strong>organa</strong></span> <span class='ocrx_word' id='word_1_146' title='bbox 618 1971 721 2028; x_wconf 84' lang='lat' dir='ltr'><strong>semper</strong></span> <span class='ocrx_word' id='word_1_147' title='bbox 822 1968 860 2011; x_wconf 84' lang='grc'><strong>333</strong></span> 
     </span>
     <span class='ocr_line' id='line_1_25' title="bbox 58 2030 648 2089; baseline 0.003 -6"><span class='ocrx_word' id='word_1_148' title='bbox 58 2030 238 2089; x_wconf 74' lang='lat' dir='ltr'><strong>inmanibus:</strong></span> <span class='ocrx_word' id='word_1_149' title='bbox 260 2032 335 2087; x_wconf 85' lang='lat' dir='ltr'><strong>densi</strong></span> <span class='ocrx_word' id='word_1_150' title='bbox 345 2031 448 2088; x_wconf 83' lang='lat' dir='ltr'><strong>radiant</strong></span> <span class='ocrx_word' id='word_1_151' title='bbox 456 2031 587 2087; x_wconf 80' lang='lat' dir='ltr'><strong>testudine</strong></span> <span class='ocrx_word' id='word_1_152' title='bbox 595 2039 648 2086; x_wconf 77' lang='lat' dir='ltr'><strong>tota</strong></span> 
     </span>
     <span class='ocr_line' id='line_1_26' title="bbox 58 2106 780 2182; baseline 0.001 -23"><span class='ocrx_word' id='word_1_153' title='bbox 58 2109 253 2182; x_wconf 82' lang='lat' dir='ltr'><strong>sardonyches:</strong></span> <span class='ocrx_word' id='word_1_154' title='bbox 273 2108 359 2179; x_wconf 89' lang='lat' dir='ltr'><strong>crispo</strong></span> <span class='ocrx_word' id='word_1_155' title='bbox 370 2115 540 2166; x_wconf 83' lang='lat' dir='ltr'><strong>numerantur</strong></span> <span class='ocrx_word' id='word_1_156' title='bbox 549 2108 652 2178; x_wconf 83' lang='lat' dir='ltr'><strong>pectine</strong></span> <span class='ocrx_word' id='word_1_157' title='bbox 660 2106 780 2173; x_wconf 83' lang='lat' dir='ltr'><strong>chordae,</strong></span> 
     </span>
     <span class='ocr_line' id='line_1_27' title="bbox 58 2179 807 2256; baseline -0.001 -18"><span class='ocrx_word' id='word_1_158' title='bbox 58 2199 113 2252; x_wconf 88' lang='lat' dir='ltr'><strong>quo</strong></span> <span class='ocrx_word' id='word_1_159' title='bbox 122 2192 197 2239; x_wconf 88' lang='lat' dir='ltr'><strong>tener</strong></span> <span class='ocrx_word' id='word_1_160' title='bbox 203 2183 359 2256; x_wconf 79' lang='lat' dir='ltr'><strong>Hedymeles</strong></span> <span class='ocrx_word' id='word_1_161' title='bbox 367 2182 549 2255; x_wconf 80' lang='lat' dir='ltr'><strong>operasdedit:</strong></span> <span class='ocrx_word' id='word_1_162' title='bbox 567 2179 807 2248; x_wconf 85' lang='lat' dir='ltr'><strong>hunctenet,hocso</strong></span> 
     </span>
     <span class='ocr_line' id='line_1_28' title="bbox 60 2254 635 2334; baseline -0.002 -23"><span class='ocrx_word' id='word_1_163' title='bbox 60 2258 170 2323; x_wconf 81' lang='lat' dir='ltr'><strong>solatur,</strong></span> <span class='ocrx_word' id='word_1_164' title='bbox 182 2266 310 2331; x_wconf 81' lang='lat' dir='ltr'><strong>gratoque</strong></span> <span class='ocrx_word' id='word_1_165' title='bbox 318 2257 438 2334; x_wconf 78' lang='lat' dir='ltr'><strong>indulget</strong></span> <span class='ocrx_word' id='word_1_166' title='bbox 446 2257 519 2313; x_wconf 84' lang='lat' dir='ltr'><strong>basia</strong></span> <span class='ocrx_word' id='word_1_167' title='bbox 529 2254 635 2328; x_wconf 87' lang='lat' dir='ltr'><strong>plectm.</strong></span> 
     </span>
     <span class='ocr_line' id='line_1_29' title="bbox 60 2327 909 2398; baseline -0.005 -10"><span class='ocrx_word' id='word_1_168' title='bbox 60 2327 242 2398; x_wconf 79' lang='lat' dir='ltr'><strong>Quaedam&#39;ne</strong></span> <span class='ocrx_word' id='word_1_169' title='bbox 252 2349 361 2387; x_wconf 83' lang='lat' dir='ltr'><strong>numero</strong></span> <span class='ocrx_word' id='word_1_170' title='bbox 371 2332 689 2386; x_wconf 80' lang='lat' dir='ltr'><strong>Lamiarumaonominis</strong></span> <span class='ocrx_word' id='word_1_171' title='bbox 700 2331 743 2385; x_wconf 83' lang='lat' dir='ltr'><strong>alti</strong></span> <span class='ocrx_word' id='word_1_172' title='bbox 823 2342 861 2385; x_wconf 83' lang='lat'><strong>385</strong></span> <span class='ocrx_word' id='word_1_173' title='bbox 903 2378 909 2384; x_wconf 75' lang='grc'>.</span> 
     </span>
     <span class='ocr_line' id='line_1_30' title="bbox 60 2405 711 2480; baseline -0.003 -19"><span class='ocrx_word' id='word_1_174' title='bbox 60 2423 122 2463; x_wconf 82' lang='lat' dir='ltr'><strong>cum</strong></span> <span class='ocrx_word' id='word_1_175' title='bbox 133 2408 203 2462; x_wconf 81' lang='lat' dir='ltr'><strong>lane</strong></span> <span class='ocrx_word' id='word_1_176' title='bbox 214 2415 239 2462; x_wconf 86' lang='lat' dir='ltr'><strong>et</strong></span> <span class='ocrx_word' id='word_1_177' title='bbox 249 2408 313 2463; x_wconf 85' lang='lat' dir='ltr'><strong>vino</strong></span> <span class='ocrx_word' id='word_1_178' title='bbox 322 2409 416 2462; x_wconf 87' lang='lat' dir='ltr'><strong>lanum</strong></span> <span class='ocrx_word' id='word_1_179' title='bbox 425 2405 585 2479; x_wconf 79' lang='lat' dir='ltr'><strong>Vestamque</strong></span> <span class='ocrx_word' id='word_1_180' title='bbox 595 2407 711 2480; x_wconf 78' lang='lat' dir='ltr'><strong>rogabat,</strong></span> 
     </span>
     <span class='ocr_line' id='line_1_31' title="bbox 62 2481 625 2554; baseline 0 -19"><span class='ocrx_word' id='word_1_181' title='bbox 62 2499 94 2537; x_wconf 90' lang='lat' dir='ltr'><strong>an</strong></span> <span class='ocrx_word' id='word_1_182' title='bbox 104 2482 281 2554; x_wconf 81' lang='lat' dir='ltr'><strong>Capitolinam</strong></span> <span class='ocrx_word' id='word_1_183' title='bbox 291 2482 395 2537; x_wconf 83' lang='lat' dir='ltr'><strong>deberet</strong></span> <span class='ocrx_word' id='word_1_184' title='bbox 405 2481 625 2553; x_wconf 83' lang='lat' dir='ltr'><strong>Pollioquer&#39;cum</strong></span> 
     </span>
     <span class='ocr_line' id='line_1_32' title="bbox 60 2555 751 2629; baseline 0 -20"><span class='ocrx_word' id='word_1_185' title='bbox 60 2574 167 2627; x_wconf 81' lang='lat' dir='ltr'><strong>sperare</strong></span> <span class='ocrx_word' id='word_1_186' title='bbox 175 2564 200 2612; x_wconf 79' lang='lat' dir='ltr'><strong>et</strong></span> <span class='ocrx_word' id='word_1_187' title='bbox 211 2557 309 2612; x_wconf 85' lang='lat' dir='ltr'><strong>fidibus</strong></span> <span class='ocrx_word' id='word_1_188' title='bbox 318 2557 477 2629; x_wconf 86' lang='lat' dir='ltr'><strong>promittere.</strong></span> <span class='ocrx_word' id='word_1_189' title='bbox 508 2556 578 2623; x_wconf 82' lang='lat' dir='ltr'><strong>Quid</strong></span> <span class='ocrx_word' id='word_1_190' title='bbox 589 2557 681 2611; x_wconf 87' lang='lat' dir='ltr'><strong>laceret</strong></span> <span class='ocrx_word' id='word_1_191' title='bbox 690 2555 751 2627; x_wconf 85' lang='lat' dir='ltr'><strong>plus</strong></span> 
     </span>
     <span class='ocr_line' id='line_1_33' title="bbox 61 2631 698 2707; baseline -0.003 -23"><span class='ocrx_word' id='word_1_192' title='bbox 61 2639 211 2707; x_wconf 81' lang='lat' dir='ltr'><strong>aegrotante</strong></span> <span class='ocrx_word' id='word_1_193' title='bbox 218 2631 296 2687; x_wconf 80' lang='lat' dir='ltr'><strong>riro‘l</strong></span> <span class='ocrx_word' id='word_1_194' title='bbox 314 2633 424 2687; x_wconf 84' lang='lat' dir='ltr'><strong>medicis</strong></span> <span class='ocrx_word' id='word_1_195' title='bbox 433 2631 500 2704; x_wconf 79' lang='lat' dir='ltr'><strong>quid</strong></span> <span class='ocrx_word' id='word_1_196' title='bbox 508 2632 629 2686; x_wconf 85' lang='lat' dir='ltr'><strong>tristibus</strong></span> <span class='ocrx_word' id='word_1_197' title='bbox 636 2648 698 2704; x_wconf 81' lang='lat' dir='ltr'><strong>erga</strong></span> 
     </span>
     <span class='ocr_line' id='line_1_34' title="bbox 63 2705 863 2778; baseline -0.006 -18"><span class='ocrx_word' id='word_1_198' title='bbox 63 2706 197 2778; x_wconf 64' lang='lat' dir='ltr'><strong>tiliolum?</strong></span> <span class='ocrx_word' id='word_1_199' title='bbox 215 2706 289 2762; x_wconf 87' lang='lat' dir='ltr'><strong>Stetit</strong></span> <span class='ocrx_word' id='word_1_200' title='bbox 298 2714 358 2763; x_wconf 79' lang='lat' dir='ltr'><strong>ante</strong></span> <span class='ocrx_word' id='word_1_201' title='bbox 367 2724 449 2773; x_wconf 82' lang='lat' dir='ltr'><strong>aram,</strong></span> <span class='ocrx_word' id='word_1_202' title='bbox 461 2721 509 2760; x_wconf 87' lang='lat' dir='ltr'><strong>neo</strong></span> <span class='ocrx_word' id='word_1_203' title='bbox 519 2714 594 2778; x_wconf 88' lang='lat' dir='ltr'><strong>turpe</strong></span> <span class='ocrx_word' id='word_1_204' title='bbox 602 2705 704 2777; x_wconf 83' lang='lat' dir='ltr'><strong>putavit</strong></span> <span class='ocrx_word' id='word_1_205' title='bbox 823 2712 863 2756; x_wconf 81' lang='grc'><strong>333</strong></span> 
     </span>
    </p>
   </div>
   <div class='ocr_carea' id='block_1_3' title="bbox 0 0 1154 3250">
    <p class='ocr_par' dir='ltr' id='par_1_3' title="bbox 0 0 1154 3250">
     <span class='ocr_line' id='line_1_35' title="bbox 0 0 1154 3250; baseline 0 0"><span class='ocrx_word' id='word_1_206' title='bbox 0 0 1154 3250; x_wconf 95' lang='lat' dir='ltr'><strong> </strong></span> 
     </span>
    </p>
   </div>
  </div>
 </body>
</html>
