2250 3250
320 231 326 237 ·
351 211 496 259 SATIRA
513 213 556 258 111.
789 206 822 261 lh

66 315 112 371 Nil
121 313 173 370 tibi
183 330 213 368 se
223 311 317 369 debere
324 318 407 384 putat,
424 312 462 367 nil
475 311 590 367 conseret
599 329 739 384 umquam,

67 389 226 462 participem
237 389 285 459 qui
294 394 318 443 te
328 388 420 443 secreti
430 386 490 442 lecit
498 387 610 442 honesti.

68 467 155 522 Carus
168 463 313 528 aritVerri,
324 463 372 534 qui
382 463 490 518 Verrem
500 470 625 534 tempore,
639 479 693 534 quo
703 462 768 528 vult,
801 527 805 532 ι

70 556 195 595 accusare
205 545 299 610 potest.
329 539 406 592 Tanti
418 538 465 592 tibi
476 555 529 593 nou
539 539 575 593 sit
583 539 657 609 opaci

70 615 159 670 omnis
171 631 249 669 arena
260 613 325 686 Tagi
337 613 464 686 quodque
473 614 501 668 in
512 631 586 668 mare
596 612 711 669 volvitur
720 631 827 679 aurum,
852 625 876 667 55

71 699 100 745 ut
109 706 208 744 somno
215 706 313 753 careas,
326 688 500 760 ponendaque
510 688 625 760 praemia
635 706 728 749 sumas

71 765 164 829 tristis,
177 770 202 818 et
212 781 227 818 a
238 780 335 834 magno
344 780 448 835 semper
457 763 573 818 timearis
584 764 678 818 amico.

45 846 49 847 ⁷
108 839 184 906 Quae
194 855 266 892 nunc
276 837 405 896 divitibus
413 855 479 911 gens
491 839 671 909 acceptissima
682 839 779 901 nostris

71 923 96 970 et
106 931 176 986 quos
188 913 328 984 praecipue
338 912 448 985 fugiam,
459 914 605 984 properabo
614 911 697 976 fateri,
746 968 751 975 ἡ

72 1007 121 1045 nec
130 989 219 1062 pudor
227 988 350 1042 obstabit.
380 989 439 1042 Non
449 1004 559 1058 possum
567 987 643 1051 lerre,
659 986 783 1053 Quirites,
852 998 877 1040 aa

72 1065 200 1120 Graecam
210 1062 313 1117 urbam.
324 1061 453 1128 Quamvis
463 1069 543 1133 quota
553 1062 638 1133 portio
648 1060 847 1117 laacisAcbaei'l

72 1140 126 1194 iam
136 1137 240 1211 pridem
251 1136 336 1210 Syrus
348 1137 376 1192 in
390 1137 504 1193 Tiberim
515 1137 626 1192 dellunit
635 1137 755 1203 Orontes,

71 1223 97 1270 et
106 1214 228 1288 linguam
238 1219 264 1267 et
273 1228 368 1280 mores,
380 1219 405 1266 et
414 1228 476 1268 cum
486 1212 594 1267 tibicine
603 1211 714 1266 chordas

71 1287 207 1361 obliquas,
220 1304 267 1342 nec
276 1304 330 1343 non
339 1286 448 1360 gentilia
456 1294 593 1361 tympana,
605 1304 696 1342 secum

74 1365 156 1429 vexit,
168 1370 193 1418 et
203 1362 236 1417 ad
246 1362 354 1418 Circum
363 1363 450 1417 iussas
460 1370 578 1433 prostare
586 1361 697 1434 puellas.
852 1370 880 1413 tt

73 1443 120 1506 lta,
132 1438 234 1511 quibus
243 1445 318 1511 grata
330 1444 369 1492 est
377 1438 447 1509 picta
459 1437 523 1508 lupa
531 1437 643 1493 barbara
654 1436 740 1491 mitra.

72 1515 199 1570 Rusticus
209 1512 254 1567 ille
264 1519 327 1567 tuus
336 1512 419 1567 sumit
428 1511 606 1584 trechedipna,
618 1511 737 1578 Quirine,

72 1598 99 1647 ct
109 1588 264 1646 ceromatico
274 1586 323 1644 lert
333 1588 454 1644 niceteria
466 1586 543 1643 collo.

73 1667 123 1721 llic
136 1663 188 1720 alta
198 1664 319 1737 Sicyone,
332 1672 372 1719 ast
384 1664 427 1718 hic
437 1663 577 1736 Amydone
587 1661 684 1726 relicta,
958 1699 960 1704 ·

73 1741 119 1796 hic
128 1739 229 1803 Andro,
243 1738 287 1793 ille
296 1739 384 1804 Samo,
396 1739 441 1794 hic
453 1736 586 1792 Trallibus
596 1745 641 1791 aut
651 1735 805 1801 Alabandis,
854 1746 880 1788 tu

73 1815 211 1888 Esquilias
220 1812 613 1887 dictumquepetuntavimina
622 1810 725 1875 oollam,

74 1893 177 1947 viscera
187 1905 347 1963 magnarum
357 1888 496 1955 domuum,
509 1887 665 1960 dominique
673 1885 764 1942 futuri.

76 1967 219 2040 lngenium
229 1964 316 2030 velox,
330 1965 437 2021 audacia
449 1963 558 2036 perdita,
570 1980 658 2018 sermo

75 2050 207 2114 promtus,
220 2047 245 2095 et
254 2036 326 2095 l‘saeo
337 2041 480 2096 torrentior.
508 2038 574 2103 Ede,
586 2037 653 2110 quid
664 2036 742 2091 illum

75 2123 230 2188 esseputes:
245 2110 835 2187 qrremvishominem,secumadtulitadnos;
855 2122 881 2165 75

76 2191 277 2266 grammaticus,
289 2191 385 2255 rhetor,
396 2197 549 2264 geometres,
561 2188 654 2260 pictor,
667 2186 769 2258 aliptes,
780 2206 784 2212 ·

77 2284 174 2342 augur,
189 2265 387 2332 schoenobates,
400 2265 529 2329 medicus,
541 2280 650 2337 magus:
671 2262 761 2317 omnia
773 2262 846 2318 novit

77 2340 226 2398 Graeculus
235 2340 369 2397 esuriens:
391 2342 419 2396 in
431 2340 535 2395 coelum
544 2339 663 2404 iusseris,
676 2338 734 2393 ibit.

78 2418 120 2474 Ad
136 2434 282 2484 summam,
302 2434 356 2473 non
365 2417 474 2473 Maurus
488 2423 543 2470 erat
556 2431 643 2487 neque
653 2413 772 2469 Sarmata
782 2430 831 2468 nec

274 2540 278 2546 .
485 2491 584 2555 Thrax,

78 2569 127 2641 qui
139 2567 237 2642 sumsit
246 2583 357 2638 pennas,
370 2566 465 2639 mediis
478 2565 524 2621 sed
535 2572 613 2621 natus
623 2563 744 2620 Athenis.
859 2571 884 2614 aa

79 2646 182 2700 Horum
192 2660 241 2715 ego
252 2658 305 2698 non
315 2641 417 2716 fugiam
426 2640 584 2715 conchylia?
602 2642 644 2695 lle
653 2640 725 2711 prior
735 2636 780 2715 ille

80 2718 220 2793 signabit?
238 2714 704 2790 fultusquetoromeliorarecumbet
