2250 3250
294 197 326 251 10
560 201 774 261 1000001010

293 302 420 360 advectus
430 303 551 369 Romam,
563 320 617 376 quo
626 321 711 375 pruna
721 310 746 358 et
755 309 859 371 cottana
866 302 963 358 vento?

292 378 383 450 Usque
392 377 457 433 adeo
469 377 537 433 nihii
547 386 596 443 est,
609 378 681 451 quod
691 386 778 433 nostra
791 376 902 432 infantia
911 377 1022 434 eoelum

238 462 264 506 00
291 453 380 508 hausit
388 451 560 519 Aventinum,
572 454 649 508 bacca
660 453 757 508 nutrita
767 451 894 520 Sabina?¹

293 526 373 594 Quid.
385 525 457 598 quod
464 526 590 582 adulandi
600 545 666 600 gens
676 526 881 601 prudentissima
892 526 989 582 iaudat

293 619 441 658 sermonem
454 601 561 666 indocti,
573 601 665 657 faciem
676 601 801 658 deformis
811 603 898 666 amici,
1109 658 1110 681 ¹

293 685 319 732 et
327 675 370 732 lon
411 675 560 731 m'invalidi
570 676 667 733 collum
678 677 824 731 cervicibus
835 684 931 749 aequat
1109 690 1111 751 0

292 752 377 806 Hercu
389 751 422 816 is,
433 751 565 807 Antaeum
575 750 795 823 proculatellure
803 752 926 818 tenentis,
1109 804 1110 811 ,

239 834 265 879 oo
293 826 405 891 miratur
415 842 505 881 vocem
515 834 666 901 angustam,
679 844 732 898 qua
742 826 857 880 deterius
867 843 917 881 nec
1109 818 1110 907 i

294 900 339 957 ilie
351 907 436 969 sonat,
447 914 502 974 quo
511 902 646 958 mordetur
655 900 754 975 gallina
764 899 869 956 marito.
1109 914 1110 945 1

292 976 781 1031 Haeceademlicetetnobislaudare:
802 973 913 1030 sediliis

293 1049 1045 1123 creditur.Anmelior‚quumThaidasustinet,an,quum

294 1141 405 1180 uxorem
413 1124 555 1180 comoedus
566 1125 629 1197 agit,
641 1124 682 1180 vei
694 1124 790 1179 Dorida
800 1122 874 1180 nullo

240 1209 266 1253 00
293 1198 392 1255 cultam
402 1197 527 1270 palliolo?
545 1200 640 1255 Mulier
649 1217 744 1271 nempe
757 1200 813 1270 ipsa
823 1198 938 1261 videtur,

294 1290 476 1346 nonpersona,
489 1272 576 1346 ioqui:
598 1290 680 1330 vacua
689 1282 714 1328 et
723 1273 802 1344 plana
810 1273 983 1329 omniadicas

294 1348 363 1405 inira
373 1347 560 1414 ventriculum,
572 1357 597 1404 et
607 1350 679 1405 tenui
691 1348 815 1402 distantia
828 1349 906 1403 rima.

294 1425 349 1480 Nec
357 1431 461 1479 tantum
473 1424 629 1490 Antiochus,
641 1441 689 1478 nec
697 1424 746 1477 erit
755 1422 885 1477 mirabilis
898 1422 954 1476 iilic

295 1507 341 1553 aut
350 1498 496 1562 Stratocles.
508 1506 554 1553 aut
562 1516 625 1553 cum
635 1497 710 1553 molli
720 1497 866 1552 Demetrius
876 1498 991 1553 Haemo:

240 1583 280 1628 100
294 1572 554 1629 natiocomoedaest.
585 1571 682 1627 Rides?
700 1573 799 1628 maiore
806 1571 936 1628 cachinno

294 1647 455 1703 concutitur:
477 1645 529 1711 flet,
541 1648 563 1701 si
575 1646 705 1703 lacrumas
714 1648 851 1719 conspexit
860 1648 948 1714 amici,

295 1720 435 1779 necdolet:
455 1721 604 1795 igniculum
613 1723 724 1778 brumae
735 1723 760 1777 si
769 1730 885 1794 tempore
894 1739 997 1795 poscas,

296 1797 389 1867 accipit
398 1795 585 1851 endromiden:
607 1797 629 1850 si
640 1797 739 1852 dixeris
749 1805 884 1862 »aestuo«,
894 1799 983 1853 sudat.

295 1874 354 1926 Non
365 1887 461 1924 sumus
470 1885 532 1943 ergo
541 1887 631 1941 pures;
650 1871 751 1944 melior,
764 1872 812 1944 qui
822 1888 926 1943 semper
935 1882 960 1927 et
969 1875 1042 1928 omni

199 1970 203 1974 ·
241 1956 281 2000 1⁰5
295 1952 370 2004 nocte
380 1943 476 2016 dieque
484 1952 569 2015 potest
577 1944 694 2001 alienum
703 1964 808 2001 sumere
817 1943 933 2014 vultum,

296 2020 385 2076 aiacie
395 2020 489 2076 iactare
499 2037 604 2084 manus,
616 2020 723 2077 laudare
732 2029 848 2093 paratus.

295 2097 319 2151 si
328 2097 395 2151 bene
404 2095 524 2161 ructavit,
537 2095 559 2150 si
571 2103 671 2150 rectum
680 2096 777 2151 minxit
787 2097 898 2162 amicus,

295 2172 319 2225 si
329 2170 409 2225 trulla
417 2170 523 2225 inverso
531 2170 660 2242 crepitum
670 2170 741 2226 dedit
751 2181 828 2226 aurea
837 2170 931 2227 fundo.

295 2247 428 2322 Praetereo
438 2252 558 2300 mactum
570 2245 637 2300 nihil
648 2253 687 2299 est
696 2253 721 2300 et
730 2236 764 2300 ab
774 2246 999 2322 inguineae'tutum3

242 2330 282 2373 110
297 2335 351 2376 non
361 2327 480 2375 matrona
490 2319 562 2384 laris,
575 2336 628 2375 non
638 2318 692 2374 filia
703 2320 786 2393 virgo,
799 2338 885 2393 neque
895 2321 952 2393 ipse

297 2411 412 2466 sponsus
421 2392 488 2448 levis
497 2392 593 2459 adhuc,
606 2410 659 2448 non
670 2394 742 2449 iilius
752 2402 812 2450 ante
821 2395 945 2466 pudicus.

296 2471 397 2524 Horum
407 2469 430 2522 si
441 2466 509 2523 nihii
518 2475 567 2532 est,
578 2468 666 2523 aviam
676 2470 811 2542 resupinat
820 2470 909 2525 amici.

294 2544 369 2600 Scire
380 2541 472 2599 volunt
481 2550 579 2597 secreta
588 2542 693 2608 domus,
704 2552 783 2617 atque
792 2544 854 2600 inde
863 2545 963 2600 timeri.

334 2619 369 2675 Et
378 2617 486 2691 quando
497 2618 583 2690 coepit
593 2618 753 2684 Graecorum
764 2620 871 2683 mentio,
882 2622 967 2675 transi

211 2695 214 2700 ⁴
245 2704 284 2748 115
298 2693 448 2770 gymnasia,
461 2699 540 2765 atque
552 2692 616 2749 nudi
626 2692 728 2750 facinus
737 2695 845 2752 maioris
855 2694 965 2750 abollae.
