<?xml version="1.0" encoding="UTF-8"?>
<!DOCTYPE html PUBLIC "-//W3C//DTD XHTML 1.0 Transitional//EN"
    "http://www.w3.org/TR/xhtml1/DTD/xhtml1-transitional.dtd">
<html xmlns="http://www.w3.org/1999/xhtml" xml:lang="en" lang="en">
 <head>
  <title>
</title>
<meta http-equiv="Content-Type" content="text/html;charset=utf-8" />
  <meta name='ocr-system' content='tesseract 3.04.00' />
  <meta name='ocr-capabilities' content='ocr_page ocr_carea ocr_par ocr_line ocrx_word'/>
</head>
<body>
  <div class='ocr_page' id='page_1' title='image "apersiiflacciet01weisgoog_0084.png"; bbox 0 0 2250 3250; ppageno 0'>
   <div class='ocr_carea' id='block_1_1' title="bbox 215 200 691 268">
    <p class='ocr_par' dir='ltr' id='par_1_1' title="bbox 215 200 691 268">
     <span class='ocr_line' id='line_1_1' title="bbox 215 200 691 268; baseline -0.002 -1"><span class='ocrx_word' id='word_1_1' title='bbox 215 216 247 267; x_wconf 69' lang='lat' dir='ltr'><strong>aa</strong></span> <span class='ocrx_word' id='word_1_2' title='bbox 350 200 353 203; x_wconf 78' lang='grc'><strong>’</strong></span> <span class='ocrx_word' id='word_1_3' title='bbox 479 223 691 268; x_wconf 74' lang='lat' dir='ltr'><strong>suvsunnrs</strong></span> 
     </span>
    </p>
   </div>
   <div class='ocr_carea' id='block_1_2' title="bbox 152 319 895 618">
    <p class='ocr_par' dir='ltr' id='par_1_2' title="bbox 152 319 888 471">
     <span class='ocr_line' id='line_1_2' title="bbox 215 319 888 393; baseline 0 -18"><span class='ocrx_word' id='word_1_4' title='bbox 215 321 337 393; x_wconf 80' lang='lat' dir='ltr'><strong>Adspice.</strong></span> <span class='ocrx_word' id='word_1_5' title='bbox 350 339 404 392; x_wconf 91' lang='lat' dir='ltr'><strong>quo</strong></span> <span class='ocrx_word' id='word_1_6' title='bbox 414 320 516 376; x_wconf 76' lang='lat' dir='ltr'><strong>fremitu</strong></span> <span class='ocrx_word' id='word_1_7' title='bbox 529 330 686 376; x_wconf 88' lang='lat' dir='ltr'><strong>monstratos</strong></span> <span class='ocrx_word' id='word_1_8' title='bbox 695 319 805 392; x_wconf 71' lang='lat' dir='ltr'><strong>perierat</strong></span> <span class='ocrx_word' id='word_1_9' title='bbox 817 321 888 377; x_wconf 88' lang='lat' dir='ltr'><strong>ictus</strong></span> 
     </span>
     <span class='ocr_line' id='line_1_3' title="bbox 152 396 830 471; baseline -0.003 -20"><span class='ocrx_word' id='word_1_10' title='bbox 152 422 160 435; x_wconf 50' lang='lat' dir='ltr'><strong>r</strong></span> <span class='ocrx_word' id='word_1_11' title='bbox 215 404 240 451; x_wconf 90' lang='lat' dir='ltr'><strong>et</strong></span> <span class='ocrx_word' id='word_1_12' title='bbox 250 406 349 469; x_wconf 86' lang='lat' dir='ltr'><strong>quanto</strong></span> <span class='ocrx_word' id='word_1_13' title='bbox 361 397 449 471; x_wconf 81' lang='lat' dir='ltr'><strong>galeae</strong></span> <span class='ocrx_word' id='word_1_14' title='bbox 457 405 582 451; x_wconf 79' lang='lat' dir='ltr'><strong>eur-vetur</strong></span> <span class='ocrx_word' id='word_1_15' title='bbox 594 396 717 468; x_wconf 86' lang='lat' dir='ltr'><strong>pondere,</strong></span> <span class='ocrx_word' id='word_1_16' title='bbox 729 404 830 467; x_wconf 88' lang='lat' dir='ltr'><strong>quanta</strong></span> 
     </span>
    </p>

    <p class='ocr_par' dir='ltr' id='par_1_3' title="bbox 215 470 826 543">
     <span class='ocr_line' id='line_1_4' title="bbox 215 470 826 543; baseline -0.003 -18"><span class='ocrx_word' id='word_1_17' title='bbox 215 471 360 543; x_wconf 77' lang='lat' dir='ltr'>poplitibus</span> <span class='ocrx_word' id='word_1_18' title='bbox 369 471 465 536; x_wconf 79' lang='lat' dir='ltr'><strong>sedeat,</strong></span> <span class='ocrx_word' id='word_1_19' title='bbox 477 489 559 543; x_wconf 83' lang='lat' dir='ltr'><strong>qnam</strong></span> <span class='ocrx_word' id='word_1_20' title='bbox 570 471 652 526; x_wconf 89' lang='lat' dir='ltr'><strong>denso</strong></span> <span class='ocrx_word' id='word_1_21' title='bbox 661 470 739 525; x_wconf 83' lang='lat' dir='ltr'><strong>fascia</strong></span> <span class='ocrx_word' id='word_1_22' title='bbox 749 470 826 535; x_wconf 89' lang='lat' dir='ltr'><strong>libro,</strong></span> 
     </span>
    </p>

    <p class='ocr_par' dir='ltr' id='par_1_4' title="bbox 213 545 895 618">
     <span class='ocr_line' id='line_1_5' title="bbox 213 545 895 618; baseline 0.001 -17"><span class='ocrx_word' id='word_1_23' title='bbox 213 555 241 601; x_wconf 85' lang='lat' dir='ltr'><strong>et</strong></span> <span class='ocrx_word' id='word_1_24' title='bbox 250 546 314 612; x_wconf 85' lang='lat' dir='ltr'><strong>ride,</strong></span> <span class='ocrx_word' id='word_1_25' title='bbox 326 546 418 617; x_wconf 90' lang='lat' dir='ltr'><strong>positis</strong></span> <span class='ocrx_word' id='word_1_26' title='bbox 429 545 568 617; x_wconf 77' lang='lat' dir='ltr'>scaphium</span> <span class='ocrx_word' id='word_1_27' title='bbox 579 563 663 618; x_wconf 88' lang='lat' dir='ltr'><strong>quum</strong></span> <span class='ocrx_word' id='word_1_28' title='bbox 674 545 790 600; x_wconf 81' lang='lat' dir='ltr'><strong>sumitur</strong></span> <span class='ocrx_word' id='word_1_29' title='bbox 799 545 895 602; x_wconf 86' lang='lat' dir='ltr'><strong>armis.</strong></span> 
     </span>
    </p>
   </div>
   <div class='ocr_carea' id='block_1_3' title="bbox 60 619 792 693">
    <p class='ocr_par' dir='ltr' id='par_1_5' title="bbox 60 619 792 693">
     <span class='ocr_line' id='line_1_6' title="bbox 60 619 792 693; baseline -0.004 -18"><span class='ocrx_word' id='word_1_30' title='bbox 60 674 66 683; x_wconf 79' lang='grc'><strong>,</strong></span> <span class='ocrx_word' id='word_1_31' title='bbox 161 631 200 675; x_wconf 76' lang='lat'><strong>265</strong></span> <span class='ocrx_word' id='word_1_32' title='bbox 214 621 295 675; x_wconf 81' lang='lat' dir='ltr'><strong>Dicite</strong></span> <span class='ocrx_word' id='word_1_33' title='bbox 304 637 361 686; x_wconf 88' lang='lat' dir='ltr'><strong>vos,</strong></span> <span class='ocrx_word' id='word_1_34' title='bbox 373 628 464 692; x_wconf 79' lang='lat' dir='ltr'><strong>neptes</strong></span> <span class='ocrx_word' id='word_1_35' title='bbox 473 620 567 693; x_wconf 88' lang='lat' dir='ltr'><strong>Lepidi</strong></span> <span class='ocrx_word' id='word_1_36' title='bbox 575 621 678 676; x_wconf 86' lang='lat' dir='ltr'><strong>caecive</strong></span> <span class='ocrx_word' id='word_1_37' title='bbox 686 619 792 683; x_wconf 85' lang='lat' dir='ltr'><strong>Metelli,</strong></span> 
     </span>
    </p>
   </div>
   <div class='ocr_carea' id='block_1_4' title="bbox 145 692 965 918">
    <p class='ocr_par' dir='ltr' id='par_1_6' title="bbox 145 692 965 918">
     <span class='ocr_line' id='line_1_7' title="bbox 145 692 926 766; baseline -0.003 -15"><span class='ocrx_word' id='word_1_38' title='bbox 145 701 148 705; x_wconf 83' lang='grc'>’</span> <span class='ocrx_word' id='word_1_39' title='bbox 216 696 274 751; x_wconf 90' lang='lat' dir='ltr'><strong>Gur</strong></span> <span class='ocrx_word' id='word_1_40' title='bbox 292 694 336 748; x_wconf 85' lang='lat' dir='ltr'><strong>itis</strong></span> <span class='ocrx_word' id='word_1_41' title='bbox 346 702 391 749; x_wconf 84' lang='lat' dir='ltr'><strong>eut</strong></span> <span class='ocrx_word' id='word_1_42' title='bbox 400 695 484 760; x_wconf 81' lang='lat' dir='ltr'><strong>Fabii,</strong></span> <span class='ocrx_word' id='word_1_43' title='bbox 496 713 564 766; x_wconf 85' lang='lat' dir='ltr'><strong>quae</strong></span> <span class='ocrx_word' id='word_1_44' title='bbox 574 692 648 751; x_wconf 91' lang='lat' dir='ltr'><strong>ludia</strong></span> <span class='ocrx_word' id='word_1_45' title='bbox 659 695 785 749; x_wconf 89' lang='lat' dir='ltr'><strong>sumserit</strong></span> <span class='ocrx_word' id='word_1_46' title='bbox 792 711 926 766; x_wconf 90' lang='lat' dir='ltr'><strong>nmquam</strong></span> 
     </span>
     <span class='ocr_line' id='line_1_8' title="bbox 178 713 965 845; baseline 0 -21"><span class='ocrx_word' id='word_1_47' title='bbox 178 834 181 837; x_wconf 21' lang='lat'><strong>¹</strong></span> <span class='ocrx_word' id='word_1_48' title='bbox 215 713 403 845; x_wconf 60' lang='lat' dir='ltr'><strong>bosiiabitusl</strong></span> <span class='ocrx_word' id='word_1_49' title='bbox 423 769 534 836; x_wconf 84' lang='lat' dir='ltr'><strong>Quando</strong></span> <span class='ocrx_word' id='word_1_50' title='bbox 548 773 582 824; x_wconf 88' lang='lat' dir='ltr'><strong>ad</strong></span> <span class='ocrx_word' id='word_1_51' title='bbox 591 768 682 841; x_wconf 86' lang='lat' dir='ltr'><strong>palum</strong></span> <span class='ocrx_word' id='word_1_52' title='bbox 698 768 782 842; x_wconf 84' lang='lat' dir='ltr'><strong>gemit</strong></span> <span class='ocrx_word' id='word_1_53' title='bbox 790 785 860 823; x_wconf 81' lang='lat' dir='ltr'><strong>uxor</strong></span> <span class='ocrx_word' id='word_1_54' title='bbox 870 769 965 845; x_wconf 77' lang='lat' dir='ltr'><strong>Asyli?</strong></span> 
     </span>
     <span class='ocr_line' id='line_1_9' title="bbox 253 842 882 918; baseline -0.003 -19"><span class='ocrx_word' id='word_1_55' title='bbox 253 843 362 917; x_wconf 83' lang='lat' dir='ltr'><strong>Semper</strong></span> <span class='ocrx_word' id='word_1_56' title='bbox 371 845 451 899; x_wconf 87' lang='lat' dir='ltr'><strong>babet</strong></span> <span class='ocrx_word' id='word_1_57' title='bbox 460 845 517 899; x_wconf 88' lang='lat' dir='ltr'><strong>lites</strong></span> <span class='ocrx_word' id='word_1_58' title='bbox 528 843 681 915; x_wconf 90' lang='lat' dir='ltr'><strong>alternaque</strong></span> <span class='ocrx_word' id='word_1_59' title='bbox 691 843 778 918; x_wconf 81' lang='lat' dir='ltr'><strong>iurgia</strong></span> <span class='ocrx_word' id='word_1_60' title='bbox 789 842 882 910; x_wconf 84' lang='lat' dir='ltr'><strong>lectus,</strong></span> 
     </span>
    </p>
   </div>
   <div class='ocr_carea' id='block_1_5' title="bbox 216 914 1125 1024">
    <p class='ocr_par' dir='ltr' id='par_1_7' title="bbox 216 914 1125 1024">
     <span class='ocr_line' id='line_1_10' title="bbox 216 914 1122 992; baseline -0.001 -19"><span class='ocrx_word' id='word_1_61' title='bbox 216 919 245 974; x_wconf 90' lang='lat' dir='ltr'><strong>in</strong></span> <span class='ocrx_word' id='word_1_62' title='bbox 254 936 309 991; x_wconf 92' lang='lat' dir='ltr'><strong>qno</strong></span> <span class='ocrx_word' id='word_1_63' title='bbox 319 927 400 992; x_wconf 81' lang='lat' dir='ltr'><strong>nirpta</strong></span> <span class='ocrx_word' id='word_1_64' title='bbox 411 920 488 974; x_wconf 86' lang='lat' dir='ltr'><strong>iacet:</strong></span> <span class='ocrx_word' id='word_1_65' title='bbox 509 918 899 975; x_wconf 89' lang='lat' dir='ltr'><strong>minimumdormiturinillo.</strong></span> <span class='ocrx_word' id='word_1_66' title='bbox 985 964 998 969; x_wconf 90' lang='lat'><strong>-</strong></span> <span class='ocrx_word' id='word_1_67' title='bbox 1099 914 1122 957; x_wconf 59' lang='lat'><strong>³³</strong></span> 
     </span>
     <span class='ocr_line' id='line_1_11' title="bbox 1101 995 1125 1024; baseline 0 0"><span class='ocrx_word' id='word_1_68' title='bbox 1101 995 1125 1024; x_wconf 70' lang='lat' dir='ltr'><strong>ist</strong></span> 
     </span>
    </p>
   </div>
   <div class='ocr_carea' id='block_1_6' title="bbox 89 992 975 2784">
    <p class='ocr_par' dir='ltr' id='par_1_8' title="bbox 89 992 975 2784">
     <span class='ocr_line' id='line_1_12' title="bbox 161 992 865 1068; baseline 0.001 -21"><span class='ocrx_word' id='word_1_69' title='bbox 161 1003 201 1047; x_wconf 73' lang='lat' dir='ltr'><strong>2tu</strong></span> <span class='ocrx_word' id='word_1_70' title='bbox 217 994 292 1048; x_wconf 90' lang='lat' dir='ltr'><strong>Tunc</strong></span> <span class='ocrx_word' id='word_1_71' title='bbox 300 995 389 1068; x_wconf 80' lang='lat' dir='ltr'><strong>gravis</strong></span> <span class='ocrx_word' id='word_1_72' title='bbox 401 993 445 1049; x_wconf 91' lang='lat' dir='ltr'><strong>illa</strong></span> <span class='ocrx_word' id='word_1_73' title='bbox 455 995 521 1058; x_wconf 89' lang='lat' dir='ltr'><strong>viro,</strong></span> <span class='ocrx_word' id='word_1_74' title='bbox 532 995 668 1049; x_wconf 87' lang='lat' dir='ltr'><strong>tuncorba</strong></span> <span class='ocrx_word' id='word_1_75' title='bbox 678 992 773 1067; x_wconf 81' lang='lat' dir='ltr'><strong>tigride</strong></span> <span class='ocrx_word' id='word_1_76' title='bbox 781 993 865 1064; x_wconf 70' lang='lat' dir='ltr'><strong>peior,</strong></span> 
     </span>
     <span class='ocr_line' id='line_1_13' title="bbox 216 1066 845 1140; baseline -0.002 -18"><span class='ocrx_word' id='word_1_77' title='bbox 216 1067 305 1134; x_wconf 91' lang='lat' dir='ltr'><strong>Quum</strong></span> <span class='ocrx_word' id='word_1_78' title='bbox 316 1067 424 1122; x_wconf 81' lang='lat' dir='ltr'><strong>simulat</strong></span> <span class='ocrx_word' id='word_1_79' title='bbox 432 1068 548 1140; x_wconf 82' lang='lat' dir='ltr'><strong>gemitus</strong></span> <span class='ocrx_word' id='word_1_80' title='bbox 557 1068 651 1122; x_wconf 88' lang='lat' dir='ltr'><strong>occulti</strong></span> <span class='ocrx_word' id='word_1_81' title='bbox 661 1068 765 1122; x_wconf 84' lang='lat' dir='ltr'><strong>conscia</strong></span> <span class='ocrx_word' id='word_1_82' title='bbox 774 1066 845 1132; x_wconf 85' lang='lat' dir='ltr'><strong>iacti,</strong></span> 
     </span>
     <span class='ocr_line' id='line_1_14' title="bbox 215 1141 768 1214; baseline -0.002 -18"><span class='ocrx_word' id='word_1_83' title='bbox 215 1149 261 1196; x_wconf 87' lang='lat' dir='ltr'><strong>aut</strong></span> <span class='ocrx_word' id='word_1_84' title='bbox 269 1142 324 1197; x_wconf 88' lang='lat' dir='ltr'><strong>odit</strong></span> <span class='ocrx_word' id='word_1_85' title='bbox 332 1159 438 1214; x_wconf 91' lang='lat' dir='ltr'><strong>pueros,</strong></span> <span class='ocrx_word' id='word_1_86' title='bbox 452 1150 498 1197; x_wconf 88' lang='lat' dir='ltr'><strong>aut</strong></span> <span class='ocrx_word' id='word_1_87' title='bbox 507 1142 565 1198; x_wconf 84' lang='lat' dir='ltr'><strong>ficta</strong></span> <span class='ocrx_word' id='word_1_88' title='bbox 574 1142 666 1214; x_wconf 84' lang='lat' dir='ltr'><strong>pellice</strong></span> <span class='ocrx_word' id='word_1_89' title='bbox 675 1141 768 1213; x_wconf 90' lang='lat' dir='ltr'><strong>plorat,</strong></span> 
     </span>
     <span class='ocr_line' id='line_1_15' title="bbox 214 1216 867 1289; baseline -0.003 -17"><span class='ocrx_word' id='word_1_90' title='bbox 214 1216 342 1272; x_wconf 76' lang='lat' dir='ltr'><strong>uberibus</strong></span> <span class='ocrx_word' id='word_1_91' title='bbox 351 1235 455 1289; x_wconf 88' lang='lat' dir='ltr'><strong>semper</strong></span> <span class='ocrx_word' id='word_1_92' title='bbox 467 1217 593 1272; x_wconf 79' lang='lat' dir='ltr'><strong>lacrumis</strong></span> <span class='ocrx_word' id='word_1_93' title='bbox 602 1234 759 1288; x_wconf 84' lang='lat' dir='ltr'><strong>semperque</strong></span> <span class='ocrx_word' id='word_1_94' title='bbox 769 1216 867 1287; x_wconf 87' lang='lat' dir='ltr'><strong>paratis</strong></span> 
     </span>
     <span class='ocr_line' id='line_1_16' title="bbox 214 1290 891 1365; baseline 0 -19"><span class='ocrx_word' id='word_1_95' title='bbox 214 1292 243 1348; x_wconf 92' lang='lat' dir='ltr'><strong>in</strong></span> <span class='ocrx_word' id='word_1_96' title='bbox 252 1292 363 1353; x_wconf 83' lang='lat' dir='ltr'><strong>statione</strong></span> <span class='ocrx_word' id='word_1_97' title='bbox 372 1311 420 1346; x_wconf 85' lang='lat' dir='ltr'><strong>sua</strong></span> <span class='ocrx_word' id='word_1_98' title='bbox 431 1300 509 1365; x_wconf 85' lang='lat' dir='ltr'><strong>atque</strong></span> <span class='ocrx_word' id='word_1_99' title='bbox 519 1292 730 1363; x_wconf 80' lang='lat' dir='ltr'><strong>exspectantibus</strong></span> <span class='ocrx_word' id='word_1_100' title='bbox 743 1290 826 1354; x_wconf 89' lang='lat' dir='ltr'><strong>illam,</strong></span> <span class='ocrx_word' id='word_1_101' title='bbox 888 1334 891 1339; x_wconf 90' lang='lat'><em>.</em></span> 
     </span>
     <span class='ocr_line' id='line_1_17' title="bbox 160 1366 871 1440; baseline 0 -20"><span class='ocrx_word' id='word_1_102' title='bbox 160 1377 199 1421; x_wconf 73' lang='lat'><strong>275</strong></span> <span class='ocrx_word' id='word_1_103' title='bbox 214 1384 268 1440; x_wconf 89' lang='lat' dir='ltr'><strong>quo</strong></span> <span class='ocrx_word' id='word_1_104' title='bbox 280 1367 369 1423; x_wconf 84' lang='lat' dir='ltr'><strong>iubent</strong></span> <span class='ocrx_word' id='word_1_105' title='bbox 378 1370 485 1423; x_wconf 88' lang='lat' dir='ltr'><strong>manare</strong></span> <span class='ocrx_word' id='word_1_106' title='bbox 495 1367 589 1421; x_wconf 89' lang='lat' dir='ltr'><strong>modo:</strong></span> <span class='ocrx_word' id='word_1_107' title='bbox 610 1366 732 1421; x_wconf 89' lang='lat' dir='ltr'><strong>tucredis</strong></span> <span class='ocrx_word' id='word_1_108' title='bbox 743 1383 871 1430; x_wconf 87' lang='lat' dir='ltr'><strong>amorem,</strong></span> 
     </span>
     <span class='ocr_line' id='line_1_18' title="bbox 215 1439 868 1514; baseline -0.005 -17"><span class='ocrx_word' id='word_1_109' title='bbox 215 1450 244 1497; x_wconf 92' lang='lat' dir='ltr'><strong>tu</strong></span> <span class='ocrx_word' id='word_1_110' title='bbox 254 1443 301 1498; x_wconf 88' lang='lat' dir='ltr'><strong>tibi</strong></span> <span class='ocrx_word' id='word_1_111' title='bbox 311 1450 375 1498; x_wconf 90' lang='lat' dir='ltr'><strong>tunc</strong></span> <span class='ocrx_word' id='word_1_112' title='bbox 383 1459 493 1498; x_wconf 88' lang='lat' dir='ltr'><strong>curruca</strong></span> <span class='ocrx_word' id='word_1_113' title='bbox 503 1442 599 1514; x_wconf 89' lang='lat' dir='ltr'><strong>places,</strong></span> <span class='ocrx_word' id='word_1_114' title='bbox 613 1441 756 1512; x_wconf 86' lang='lat' dir='ltr'><strong>fletumque</strong></span> <span class='ocrx_word' id='word_1_115' title='bbox 765 1439 868 1495; x_wconf 88' lang='lat' dir='ltr'><strong>labellis</strong></span> 
     </span>
     <span class='ocr_line' id='line_1_19' title="bbox 214 1514 876 1589; baseline -0.005 -19"><span class='ocrx_word' id='word_1_116' title='bbox 214 1517 347 1580; x_wconf 84' lang='lat' dir='ltr'><strong>exsorbes,</strong></span> <span class='ocrx_word' id='word_1_117' title='bbox 362 1534 430 1587; x_wconf 87' lang='lat' dir='ltr'><strong>qnae</strong></span> <span class='ocrx_word' id='word_1_118' title='bbox 440 1516 535 1586; x_wconf 87' lang='lat' dir='ltr'><strong>scripta</strong></span> <span class='ocrx_word' id='word_1_119' title='bbox 544 1523 570 1570; x_wconf 92' lang='lat' dir='ltr'><strong>et</strong></span> <span class='ocrx_word' id='word_1_120' title='bbox 579 1523 644 1587; x_wconf 91' lang='lat' dir='ltr'><strong>quot</strong></span> <span class='ocrx_word' id='word_1_121' title='bbox 654 1515 749 1589; x_wconf 76' lang='lat' dir='ltr'><strong>lecture</strong></span> <span class='ocrx_word' id='word_1_122' title='bbox 758 1514 876 1581; x_wconf 86' lang='lat' dir='ltr'><strong>tabellas,</strong></span> 
     </span>
     <span class='ocr_line' id='line_1_20' title="bbox 214 1589 950 1664; baseline 0.003 -21"><span class='ocrx_word' id='word_1_123' title='bbox 214 1590 236 1643; x_wconf 86' lang='lat' dir='ltr'><strong>si</strong></span> <span class='ocrx_word' id='word_1_124' title='bbox 247 1590 296 1644; x_wconf 91' lang='lat' dir='ltr'><strong>tibi</strong></span> <span class='ocrx_word' id='word_1_125' title='bbox 306 1589 439 1664; x_wconf 82' lang='lat' dir='ltr'><strong>zelotypae</strong></span> <span class='ocrx_word' id='word_1_126' title='bbox 453 1590 707 1662; x_wconf 81' lang='lat' dir='ltr'><strong>reteganturscrinia</strong></span> <span class='ocrx_word' id='word_1_127' title='bbox 719 1590 855 1660; x_wconf 83' lang='lat' dir='ltr'><strong>moechael</strong></span> <span class='ocrx_word' id='word_1_128' title='bbox 946 1594 950 1597; x_wconf 82' lang='grc'><em>“</em></span> 
     </span>
     <span class='ocr_line' id='line_1_21' title="bbox 214 1663 924 1737; baseline 0.004 -18"><span class='ocrx_word' id='word_1_129' title='bbox 214 1663 265 1719; x_wconf 89' lang='lat' dir='ltr'><strong>Sed</strong></span> <span class='ocrx_word' id='word_1_130' title='bbox 277 1664 341 1719; x_wconf 87' lang='lat' dir='ltr'><strong>iaoet</strong></span> <span class='ocrx_word' id='word_1_131' title='bbox 349 1664 378 1719; x_wconf 88' lang='lat' dir='ltr'><strong>in</strong></span> <span class='ocrx_word' id='word_1_132' title='bbox 388 1665 457 1720; x_wconf 83' lang='lat' dir='ltr'><strong>servi</strong></span> <span class='ocrx_word' id='word_1_133' title='bbox 470 1665 654 1736; x_wconf 83' lang='lat' dir='ltr'><strong>complexibus</strong></span> <span class='ocrx_word' id='word_1_134' title='bbox 663 1674 708 1720; x_wconf 87' lang='lat' dir='ltr'><strong>aut</strong></span> <span class='ocrx_word' id='word_1_135' title='bbox 720 1667 827 1737; x_wconf 83' lang='lat' dir='ltr'><strong>equitis.</strong></span> <span class='ocrx_word' id='word_1_136' title='bbox 861 1665 924 1733; x_wconf 86' lang='lat' dir='ltr'><strong>Dic,</strong></span> 
     </span>
     <span class='ocr_line' id='line_1_22' title="bbox 159 1738 869 1811; baseline 0.008 -23"><span class='ocrx_word' id='word_1_137' title='bbox 159 1746 199 1789; x_wconf 78' lang='lat'><strong>280</strong></span> <span class='ocrx_word' id='word_1_138' title='bbox 213 1738 256 1793; x_wconf 89' lang='lat' dir='ltr'><strong>dic</strong></span> <span class='ocrx_word' id='word_1_139' title='bbox 264 1738 390 1811; x_wconf 86' lang='lat' dir='ltr'><strong>aliquem,</strong></span> <span class='ocrx_word' id='word_1_140' title='bbox 401 1739 489 1804; x_wconf 86' lang='lat' dir='ltr'><strong>sodes,</strong></span> <span class='ocrx_word' id='word_1_141' title='bbox 502 1740 554 1802; x_wconf 90' lang='lat' dir='ltr'><strong>bic,</strong></span> <span class='ocrx_word' id='word_1_142' title='bbox 566 1739 736 1807; x_wconf 86' lang='lat' dir='ltr'><strong>Quintiliane,</strong></span> <span class='ocrx_word' id='word_1_143' title='bbox 747 1740 869 1795; x_wconf 89' lang='lat' dir='ltr'><strong>colorem.</strong></span> 
     </span>
     <span class='ocr_line' id='line_1_23' title="bbox 214 1814 935 1888; baseline 0.01 -23"><span class='ocrx_word' id='word_1_144' title='bbox 214 1815 390 1885; x_wconf 75' lang='lat' dir='ltr'><strong>»Haeremnsz</strong></span> <span class='ocrx_word' id='word_1_145' title='bbox 411 1814 549 1885; x_wconf 81' lang='lat' dir='ltr'><strong>dicipsa.a</strong></span> <span class='ocrx_word' id='word_1_146' title='bbox 577 1815 646 1870; x_wconf 74' lang='lat' dir='ltr'><strong>Olim</strong></span> <span class='ocrx_word' id='word_1_147' title='bbox 656 1825 817 1879; x_wconf 77' lang='lat' dir='ltr'><strong>eonnmwrnt,</strong></span> <span class='ocrx_word' id='word_1_148' title='bbox 829 1814 935 1888; x_wconf 88' lang='lat' dir='ltr'><strong>inquit,</strong></span> 
     </span>
     <span class='ocr_line' id='line_1_24' title="bbox 212 1891 853 1959; baseline 0.009 -20"><span class='ocrx_word' id='word_1_149' title='bbox 212 1894 242 1939; x_wconf 83' lang='lat' dir='ltr'><strong>ut</strong></span> <span class='ocrx_word' id='word_1_150' title='bbox 249 1892 350 1955; x_wconf 69' lang='lat' dir='ltr'><strong>[aemes</strong></span> <span class='ocrx_word' id='word_1_151' title='bbox 359 1896 395 1950; x_wconf 84' lang='lat' dir='ltr'><strong>tu,</strong></span> <span class='ocrx_word' id='word_1_152' title='bbox 407 1892 476 1956; x_wconf 82' lang='lat' dir='ltr'><strong>quod</strong></span> <span class='ocrx_word' id='word_1_153' title='bbox 485 1891 570 1952; x_wconf 84' lang='lat' dir='ltr'><strong>velles,</strong></span> <span class='ocrx_word' id='word_1_154' title='bbox 582 1906 628 1948; x_wconf 82' lang='lat' dir='ltr'><strong>neo</strong></span> <span class='ocrx_word' id='word_1_155' title='bbox 638 1907 690 1944; x_wconf 80' lang='lat' dir='ltr'><strong>aaa</strong></span> <span class='ocrx_word' id='word_1_156' title='bbox 699 1908 744 1958; x_wconf 79' lang='lat' dir='ltr'><strong>epo</strong></span> <span class='ocrx_word' id='word_1_157' title='bbox 751 1907 853 1959; x_wconf 81' lang='lat' dir='ltr'><strong>poeecm</strong></span> 
     </span>
     <span class='ocr_line' id='line_1_25' title="bbox 213 1961 855 2034; baseline 0.009 -21"><span class='ocrx_word' id='word_1_158' title='bbox 213 1963 426 2030; x_wconf 79' lang='lat' dir='ltr'><strong>irsdulperemilti.</strong></span> <span class='ocrx_word' id='word_1_159' title='bbox 457 1961 557 2018; x_wconf 79' lang='lat' dir='ltr'><strong>Clamas</strong></span> <span class='ocrx_word' id='word_1_160' title='bbox 568 1966 628 2018; x_wconf 80' lang='lat' dir='ltr'><strong>licet</strong></span> <span class='ocrx_word' id='word_1_161' title='bbox 637 1974 661 2019; x_wconf 82' lang='lat' dir='ltr'><strong>et</strong></span> <span class='ocrx_word' id='word_1_162' title='bbox 670 1983 741 2034; x_wconf 81' lang='lat' dir='ltr'><strong>more</strong></span> <span class='ocrx_word' id='word_1_163' title='bbox 752 1969 821 2019; x_wconf 85' lang='lat' dir='ltr'><strong>coelo</strong></span> <span class='ocrx_word' id='word_1_164' title='bbox 852 2003 855 2007; x_wconf 90' lang='lat'><em>-</em></span> 
     </span>
     <span class='ocr_line' id='line_1_26' title="bbox 214 2037 885 2106; baseline 0.006 -17"><span class='ocrx_word' id='word_1_165' title='bbox 214 2039 370 2106; x_wconf 74' lang='lat' dir='ltr'><strong>confundas:</strong></span> <span class='ocrx_word' id='word_1_166' title='bbox 388 2040 462 2092; x_wconf 85' lang='lat' dir='ltr'><strong>bomo</strong></span> <span class='ocrx_word' id='word_1_167' title='bbox 471 2037 536 2093; x_wconf 80' lang='lat' dir='ltr'><strong>enm.</strong></span> <span class='ocrx_word' id='word_1_168' title='bbox 564 2038 638 2093; x_wconf 92' lang='lat' dir='ltr'><strong>Nihil</strong></span> <span class='ocrx_word' id='word_1_169' title='bbox 647 2047 687 2093; x_wconf 87' lang='lat' dir='ltr'><strong>est</strong></span> <span class='ocrx_word' id='word_1_170' title='bbox 695 2040 821 2094; x_wconf 89' lang='lat' dir='ltr'><strong>audacius</strong></span> <span class='ocrx_word' id='word_1_171' title='bbox 832 2038 885 2093; x_wconf 89' lang='lat' dir='ltr'><strong>illis</strong></span> 
     </span>
     <span class='ocr_line' id='line_1_27' title="bbox 89 2108 940 2186; baseline 0.015 -27"><span class='ocrx_word' id='word_1_172' title='bbox 89 2135 94 2140; x_wconf 73' lang='lat'><strong>,</strong></span> <span class='ocrx_word' id='word_1_173' title='bbox 158 2116 197 2160; x_wconf 78' lang='lat'><strong>285</strong></span> <span class='ocrx_word' id='word_1_174' title='bbox 212 2108 361 2182; x_wconf 84' lang='lat' dir='ltr'><strong>deprensis:</strong></span> <span class='ocrx_word' id='word_1_175' title='bbox 383 2112 450 2166; x_wconf 87' lang='lat' dir='ltr'><strong>iram</strong></span> <span class='ocrx_word' id='word_1_176' title='bbox 464 2114 940 2186; x_wconf 85' lang='lat' dir='ltr'><strong>etqueenimosacriminesumunt.</strong></span> 
     </span>
     <span class='ocr_line' id='line_1_28' title="bbox 212 2184 975 2261; baseline 0.01 -22"><span class='ocrx_word' id='word_1_177' title='bbox 212 2184 288 2239; x_wconf 91' lang='lat' dir='ltr'><strong>Unde</strong></span> <span class='ocrx_word' id='word_1_178' title='bbox 297 2185 361 2240; x_wconf 85' lang='lat' dir='ltr'><strong>haec</strong></span> <span class='ocrx_word' id='word_1_179' title='bbox 369 2196 486 2242; x_wconf 89' lang='lat' dir='ltr'><strong>monstra</strong></span> <span class='ocrx_word' id='word_1_180' title='bbox 494 2195 584 2255; x_wconf 82' lang='lat' dir='ltr'><strong>tamen</strong></span> <span class='ocrx_word' id='word_1_181' title='bbox 594 2188 820 2260; x_wconf 79' lang='lat' dir='ltr'><strong>velquodefonte,</strong></span> <span class='ocrx_word' id='word_1_182' title='bbox 828 2191 975 2261; x_wconf 75' lang='lat' dir='ltr'><strong>requiris?</strong></span> 
     </span>
     <span class='ocr_line' id='line_1_29' title="bbox 212 2259 806 2326; baseline 0.012 -14"><span class='ocrx_word' id='word_1_183' title='bbox 212 2259 362 2315; x_wconf 86' lang='lat' dir='ltr'><strong>Praestabat</strong></span> <span class='ocrx_word' id='word_1_184' title='bbox 370 2269 454 2326; x_wconf 75' lang='lat' dir='ltr'><strong>castas</strong></span> <span class='ocrx_word' id='word_1_185' title='bbox 464 2262 576 2318; x_wconf 89' lang='lat' dir='ltr'><strong>humilis</strong></span> <span class='ocrx_word' id='word_1_186' title='bbox 586 2261 689 2319; x_wconf 81' lang='lat' dir='ltr'><strong>fortuna</strong></span> <span class='ocrx_word' id='word_1_187' title='bbox 699 2264 806 2319; x_wconf 85' lang='lat' dir='ltr'><strong>Latinas</strong></span> 
     </span>
     <span class='ocr_line' id='line_1_30' title="bbox 212 2334 829 2412; baseline 0.011 -25"><span class='ocrx_word' id='word_1_188' title='bbox 212 2334 357 2405; x_wconf 87' lang='lat' dir='ltr'><strong>quondam,</strong></span> <span class='ocrx_word' id='word_1_189' title='bbox 372 2337 500 2391; x_wconf 88' lang='lat' dir='ltr'><strong>necvitiis</strong></span> <span class='ocrx_word' id='word_1_190' title='bbox 509 2338 626 2412; x_wconf 80' lang='lat' dir='ltr'><strong>contingi</strong></span> <span class='ocrx_word' id='word_1_191' title='bbox 635 2356 717 2411; x_wconf 87' lang='lat' dir='ltr'><strong>parva</strong></span> <span class='ocrx_word' id='word_1_192' title='bbox 726 2339 829 2394; x_wconf 85' lang='lat' dir='ltr'><strong>sinebat</strong></span> 
     </span>
     <span class='ocr_line' id='line_1_31' title="bbox 211 2408 873 2490; baseline 0.009 -28"><span class='ocrx_word' id='word_1_193' title='bbox 211 2415 277 2463; x_wconf 86' lang='lat' dir='ltr'><strong>tecta</strong></span> <span class='ocrx_word' id='word_1_194' title='bbox 287 2408 369 2475; x_wconf 86' lang='lat' dir='ltr'><strong>labor,</strong></span> <span class='ocrx_word' id='word_1_195' title='bbox 381 2413 521 2482; x_wconf 89' lang='lat' dir='ltr'><strong>somnique</strong></span> <span class='ocrx_word' id='word_1_196' title='bbox 532 2412 635 2479; x_wconf 89' lang='lat' dir='ltr'><strong>breves,</strong></span> <span class='ocrx_word' id='word_1_197' title='bbox 647 2422 672 2469; x_wconf 87' lang='lat' dir='ltr'><strong>et</strong></span> <span class='ocrx_word' id='word_1_198' title='bbox 681 2414 776 2469; x_wconf 91' lang='lat' dir='ltr'><strong>vellere</strong></span> <span class='ocrx_word' id='word_1_199' title='bbox 786 2415 873 2490; x_wconf 80' lang='lat' dir='ltr'><strong>Tusco</strong></span> 
     </span>
     <span class='ocr_line' id='line_1_32' title="bbox 156 2484 841 2563; baseline 0.012 -28"><span class='ocrx_word' id='word_1_200' title='bbox 156 2491 197 2535; x_wconf 72' lang='lat' dir='ltr'><strong>atu</strong></span> <span class='ocrx_word' id='word_1_201' title='bbox 213 2490 319 2540; x_wconf 86' lang='lat' dir='ltr'><strong>vexatae</strong></span> <span class='ocrx_word' id='word_1_202' title='bbox 328 2484 462 2557; x_wconf 86' lang='lat' dir='ltr'><strong>duraeque</strong></span> <span class='ocrx_word' id='word_1_203' title='bbox 471 2503 576 2547; x_wconf 85' lang='lat' dir='ltr'><strong>manus,</strong></span> <span class='ocrx_word' id='word_1_204' title='bbox 589 2490 766 2563; x_wconf 82' lang='lat' dir='ltr'><strong>aeproximus</strong></span> <span class='ocrx_word' id='word_1_205' title='bbox 776 2489 841 2544; x_wconf 89' lang='lat' dir='ltr'><strong>Urbi</strong></span> 
     </span>
     <span class='ocr_line' id='line_1_33' title="bbox 211 2558 836 2623; baseline 0.013 -11"><span class='ocrx_word' id='word_1_206' title='bbox 211 2558 351 2623; x_wconf 86' lang='lat' dir='ltr'><strong>Hannibal,</strong></span> <span class='ocrx_word' id='word_1_207' title='bbox 363 2568 389 2614; x_wconf 90' lang='lat' dir='ltr'><strong>et</strong></span> <span class='ocrx_word' id='word_1_208' title='bbox 398 2567 496 2616; x_wconf 88' lang='lat' dir='ltr'><strong>stantes</strong></span> <span class='ocrx_word' id='word_1_209' title='bbox 506 2560 608 2617; x_wconf 89' lang='lat' dir='ltr'><strong>Collina</strong></span> <span class='ocrx_word' id='word_1_210' title='bbox 618 2563 646 2619; x_wconf 87' lang='lat' dir='ltr'><strong>in</strong></span> <span class='ocrx_word' id='word_1_211' title='bbox 656 2572 728 2620; x_wconf 88' lang='lat' dir='ltr'><strong>turre</strong></span> <span class='ocrx_word' id='word_1_212' title='bbox 738 2564 836 2620; x_wconf 86' lang='lat' dir='ltr'><strong>mariti.</strong></span> 
     </span>
     <span class='ocr_line' id='line_1_34' title="bbox 211 2633 914 2709; baseline 0.011 -22"><span class='ocrx_word' id='word_1_213' title='bbox 211 2633 684 2709; x_wconf 80' lang='lat' dir='ltr'><strong>Nuncpatimurlongaepnoismala.</strong></span> <span class='ocrx_word' id='word_1_214' title='bbox 713 2639 820 2695; x_wconf 87' lang='lat' dir='ltr'><strong>Saevior</strong></span> <span class='ocrx_word' id='word_1_215' title='bbox 829 2641 914 2695; x_wconf 88' lang='lat' dir='ltr'><strong>armis</strong></span> 
     </span>
     <span class='ocr_line' id='line_1_35' title="bbox 211 2707 879 2784; baseline 0.012 -21"><span class='ocrx_word' id='word_1_216' title='bbox 211 2707 317 2764; x_wconf 85' lang='lat' dir='ltr'><strong>luxurie</strong></span> <span class='ocrx_word' id='word_1_217' title='bbox 327 2709 456 2776; x_wconf 89' lang='lat' dir='ltr'><strong>incubuit,</strong></span> <span class='ocrx_word' id='word_1_218' title='bbox 468 2711 622 2784; x_wconf 88' lang='lat' dir='ltr'><strong>victumque</strong></span> <span class='ocrx_word' id='word_1_219' title='bbox 632 2713 769 2770; x_wconf 85' lang='lat' dir='ltr'><strong>ulciscitur</strong></span> <span class='ocrx_word' id='word_1_220' title='bbox 777 2713 879 2771; x_wconf 88' lang='lat' dir='ltr'><strong>orbem.</strong></span> 
     </span>
    </p>
   </div>
   <div class='ocr_carea' id='block_1_7' title="bbox 0 0 1130 3250">
    <p class='ocr_par' dir='ltr' id='par_1_9' title="bbox 0 0 1130 3250">
     <span class='ocr_line' id='line_1_36' title="bbox 0 0 1130 3250; baseline 0 3"><span class='ocrx_word' id='word_1_221' title='bbox 0 0 1130 3250; x_wconf 95' lang='lat' dir='ltr'><strong> </strong></span> 
     </span>
    </p>
   </div>
  </div>
 </body>
</html>
