2250 3250
345 230 491 277 SATIRA
513 230 558 274 111.
795 225 828 278 43
883 196 888 203 1

73 329 345 387 liicfiunthornines.
377 331 446 386 Nam
455 331 479 384 ni
489 346 562 385 mora
572 328 676 402 longior
686 329 782 391 Urbem

73 404 190 461 indulsit
199 407 299 476 pueris,
311 422 364 461 non
374 422 505 477 umquam
516 404 599 459 deerit
608 412 721 460 amator:

74 481 217 536 mittentur
228 480 344 546 braccae,
356 476 465 547 cultelii,
478 479 560 545 frena,
572 478 719 553 flagellum.

74 555 120 611 Sic
131 562 308 629 praetextatos
319 554 436 612 referunt
444 556 569 611 Artaxata
579 570 676 610 mores.
845 567 885 611 tto

281 799 522 861 SATIRA
566 804 629 860 111.

73 960 151 1001 ABG·
168 959 283 1001 Attamen
301 960 487 999 nrchnrbricium
497 963 610 1011 Cumasque
620 961 751 1009 migraturum
764 972 833 1010 prose-

107 1035 120 1043 ·
133 1023 207 1074 quitur
212 1030 284 1073 poetas
299 1024 412 1063 innurem
422 1023 514 1073 exponit,
523 1034 585 1074 quare
594 1025 658 1062 Roma
667 1026 769 1063 discedere
776 1023 833 1073 aupi-

133 1094 163 1134 aa,
173 1100 254 1138 nempe,
265 1079 311 1139 qnia
321 1087 344 1126 in
352 1087 401 1125 urbe
409 1086 834 1138 probitmcnnterntasit,viiitmt'quema·

131 1140 266 1197 litia'flcmt,
277 1152 399 1198 scurnum,
408 1151 504 1198 adulteri,
514 1152 610 1191 Graeculi
620 1151 641 1190 in
651 1152 714 1201 gratia
724 1152 773 1195 sint,
779 1149 834 1188 divi.

132 1215 175 1253 tius
184 1217 239 1253 aclas
247 1214 313 1264 magni
322 1214 442 1261 habeantur,
448 1228 547 1266 pauperes
556 1214 643 1261 iaceant,
649 1216 740 1265 pericula
748 1215 834 1253 cimm-

133 1291 214 1330 quaque
223 1278 349 1324 immineins,
360 1285 479 1328 grassatores
489 1279 555 1317 cnmia
566 1279 633 1332 intuta
641 1280 734 1319 reddent·

116 1368 255 1446 Quamvis
264 1353 387 1454 digressu
396 1379 491 1434 veteris
500 1378 628 1435 confusus
641 1380 729 1444 amici,

11 1516 12 1519 Ἴ
74 1453 158 1510 iaudc
167 1463 266 1521 tamem
277 1456 368 1512 vacuis
379 1455 452 1527 quod
462 1454 550 1509 sedem
562 1455 644 1528 figere
655 1454 748 1511 Cumis

74 1529 199 1595 destinet,
211 1538 383 1603 atqueunum
397 1531 482 1584 civem
491 1530 589 1586 donare
598 1528 725 1604 Sibyllae.

75 1607 161 1661 lanua
169 1605 292 1662 Baiarum
302 1613 342 1662 est
350 1612 376 1661 ct
384 1613 491 1680 gratum
501 1605 564 1661 litus
575 1606 679 1662 amoeni

75 1698 209 1736 accessus.
239 1682 297 1755 Ege
306 1681 347 1735 vel
359 1681 515 1754 Prochytam
525 1697 658 1752 praepono
667 1681 797 1737 Suburae.
873 1691 885 1732 5

76 1758 148 1810 Nam
158 1755 225 1827 quid
236 1763 289 1811 tam
299 1757 438 1819 miserum,
446 1764 497 1809 tarn
507 1755 596 1810 salum
608 1754 734 1821 vidimus,
744 1764 830 1810 utnon

77 1831 195 1886 deterius
204 1831 295 1887 credas
308 1831 413 1886 horrere
423 1830 552 1892 incendia.
565 1829 656 1902 lapsus

77 1914 208 1961 tactorum
220 1906 351 1971 assiduus,
365 1923 396 1960 ac
405 1905 479 1961 mille
488 1905 604 1976 pericula
614 1923 708 1961 saevae
737 1899 744 1917 '

78 1981 165 2046 urbis¹
177 1988 204 2036 et
212 1980 332 2056 Augusto
342 1983 477 2036 recitantes
488 1998 580 2036 mense
591 1980 699 2052 poetas?

78 2056 379 2112 Seddumtctadcmus
389 2055 469 2111 rheda
478 2055 646 2128 componitur
655 2072 719 2120 una,
860 2064 886 2107 tc

78 2131 201 2186 substitit
209 2130 242 2186 ad
252 2139 352 2187 veteres
362 2146 438 2186 arcus
447 2130 638 2201 madidamque
648 2130 791 2201 Capenam.

78 2207 137 2270 Hic,
152 2206 200 2260 ubi
212 2214 353 2262 nocturnae
361 2207 449 2261 Numa
459 2205 633 2261 constituebat
646 2205 754 2270 amicae,

79 2297 154 2336 nunc
162 2281 230 2336 sacri
239 2280 319 2336 fontis
329 2299 424 2337 nemus
436 2288 462 2336 et
470 2280 581 2335 delubra
590 2280 708 2350 locantur

79 2355 197 2421 Iudaeis,
212 2352 328 2428 quorum
337 2356 468 2431 cophinus
477 2354 639 2428 faenumque
648 2353 778 2426 supellex,

78 2430 178 2504 (omnis
188 2430 260 2486 enim
269 2430 367 2502 populo
378 2431 524 2485 mercedem
534 2430 647 2502 pendere
656 2431 729 2486 iussa
742 2438 781 2483 est

79 2505 169 2569 arbor,
184 2512 210 2559 et
219 2506 307 2561 eiectis
317 2505 448 2562 mendicat
457 2500 528 2560 silva
536 2506 667 2578 Camenis)

80 2582 110 2635 iu
121 2580 219 2642 vallem
228 2580 339 2655 Egeriae
347 2580 533 2636 descendimus
542 2588 568 2636 et
576 2579 716 2652 speluncas

80 2643 228 2710 dissimiles
238 2656 319 2711 veris.
343 2656 448 2723 Quanto
457 2656 635 2727 praestantius
643 2663 711 2711 asset

82 2746 185 2788 numen
197 2746 291 2803 aquae,
302 2731 383 2788 viridi
392 2732 414 2787 si
425 2730 544 2805 margine
553 2730 685 2786 clauderet
694 2724 780 2785 undas
