2250 3250
282 194 317 252 m
563 204 594 253 e
618 200 748 249 rnnsn

287 304 406 358 Vindicta
414 314 551 375 postquem
563 323 634 359 meuc
643 323 661 359 e
667 311 789 372 praetore
797 306 900 365 receset,
1042 366 1046 371 Δ

284 396 331 433 cor
340 382 403 432 milti
412 397 464 433 non
473 384 558 442 liceat,
569 384 645 433 iussit
655 383 830 448 quodcumque
839 379 968 439 voluntat,

229 462 255 505 tu
283 462 398 520 eccepto,
410 460 435 507 et
444 459 507 522 quid
516 456 735 509 Maeurtrubrica
744 449 859 506 vetavit?

321 528 405 589 Disce,
416 527 470 598 (sed
482 527 519 580 ira
530 527 605 580 cadat
614 544 678 581 naso
688 542 838 599 rugosaque
846 522 949 597 senne)

285 601 351 655 dum
361 608 460 655 veteres
470 601 542 655 avias
553 601 600 655 tibi
611 601 644 656 de
653 601 779 672 pulmone
789 598 893 653 revello.

283 677 344 749 Non
355 676 479 745 praeteris
488 684 550 737 eret,
563 675 651 729 stultis
661 675 723 731 dare
732 675 821 729 tenuia
832 689 921 737 rerum
983 681 987 685 ’

286 749 380 816 officia,
394 759 471 822 atque
481 767 560 804 usum
572 750 678 821 rapidae
687 751 834 821 permittere
844 748 920 803 vitae.

231 834 256 878 ⁹5
285 825 443 879 Sambucam
454 825 531 879 citius
541 824 626 879 caloni
636 825 766 896 aptaveris
777 823 837 876 alto.

286 899 341 954 Stat
350 907 438 954 contre
451 901 524 963 ratio,
536 908 561 954 et
570 908 694 955 secretam
704 898 796 971 gannit
807 898 834 951 in
846 913 951 965 aurem;

223 1020 228 1027 .
287 992 320 1029 ne
330 974 404 1029 liceat
415 973 498 1028 lacere
508 975 543 1039 id,
556 975 628 1045 quod
638 974 700 1046 quis
709 970 811 1027 vitiabit
821 971 932 1043 agendo.

286 1048 394 1104 Publica
404 1049 446 1103 lex
456 1049 596 1103 hominum
608 1058 753 1119 naturaque
762 1047 876 1100 continet
885 1046 935 1099 hoc
944 1042 995 1109 las,

286 1133 315 1178 ut
325 1131 410 1177 teneat
419 1123 511 1178 vetitos
522 1123 623 1177 inscitia
636 1122 731 1177 debilis
741 1128 824 1176 actus.
963 1134 965 1138 ·

232 1209 271 1251 too
286 1197 371 1253 Diluis
381 1197 553 1262 helleborum,
566 1205 635 1252 certo
644 1213 807 1268 compescere
817 1201 914 1266 puncto

287 1272 391 1326 nescius
401 1275 531 1329 exemen‘l
552 1272 627 1327 Vetat
636 1272 686 1327 hoc
695 1280 787 1326 natura
797 1268 930 1324 medendI.

287 1346 383 1401 Navim
394 1346 418 1401 si
428 1354 517 1418 poscat
526 1347 578 1401 sibi
588 1354 729 1417 peronatus
740 1353 824 1400 arator

287 1420 388 1476 luciferi
398 1421 482 1486 rudis,
496 1421 624 1476 exclamet
635 1420 773 1485 Melicerta,
789 1419 887 1490 perisse

265 1554 270 1561 ,
286 1495 398 1549 frontem
408 1496 535 1553 derebus.
565 1495 624 1549 Tibi
636 1492 861 1548 rectoviveretalo

232 1580 271 1622 1⁰5
287 1587 329 1625 are
338 1567 427 1624 dedit‘l
445 1577 470 1625 et
480 1570 534 1624 veri
544 1569 656 1641 speciem
668 1569 820 1643 dignoscere
831 1564 919 1629 calles,

288 1663 321 1700 ne
330 1662 383 1716 qua
393 1644 530 1700 subaerato
539 1644 698 1699 mendosum
707 1645 802 1699 tinniat
814 1640 895 1698 auro‘?

285 1736 409 1791 quaeque
424 1720 557 1791 sequenda
571 1722 655 1774 forent
668 1726 693 1774 et
707 1716 891 1791 quaeritanda
904 1714 1037 1776 vicissim.

287 1795 332 1849 illa
343 1795 417 1866 prius
426 1804 502 1858 creta,
515 1811 579 1849 mox
588 1795 651 1848 haec
662 1794 774 1848 carbone
784 1788 897 1848 notasti?

287 1887 315 1923 es
326 1867 444 1923 modicus
454 1868 526 1922 voti‘l
544 1887 635 1941 presso
645 1867 715 1923 lare‘i
733 1868 818 1923 dulcis
832 1861 942 1921 amicis?

233 1955 272 1998 tto
288 1945 340 1998 iam
351 1961 423 1998 nunc
432 1944 590 2017 adstringes.
602 1945 656 1998 iam
666 1961 737 1999 nunc
745 1943 866 2016 granaria
878 1938 971 2001 laxes?

287 2020 369 2090 inque
382 2017 437 2073 luto
448 2019 532 2073 fixum
541 2020 628 2091 possis
639 2018 820 2073 transcendere
830 2030 982 2080 nummum,

287 2093 418 2167 necgluto
427 2094 531 2148 sorbere
541 2093 653 2148 salivam
663 2091 861 2148 Mercurialem?

287 2169 358 2223 Haec
368 2175 501 2230 recocunt,
514 2177 594 2233 teneo,
606 2185 691 2238 quum
700 2185 761 2221 vere
770 2167 880 2231 dixeris,
891 2177 946 2225 osto

218 2259 221 2262 ·
287 2242 407 2313 liberque
415 2258 446 2306 ac
455 2242 569 2312 sapiens.
580 2242 744 2314 praetoribus
754 2258 784 2296 ac
793 2243 854 2296 love
863 2238 962 2300 dextro.
1028 2270 1031 2274 ·

233 2316 333 2371 masin
346 2324 385 2380 tu,
395 2333 480 2387 quum
491 2314 572 2371 fueris
582 2315 783 2388 nostreepaullo
793 2320 971 2386 communae,

287 2389 437 2462 pelliculam
447 2398 561 2445 veterem
572 2392 676 2458 retines,
688 2398 713 2445 et
722 2390 806 2446 fronte
816 2390 914 2462 politus
930 2397 933 2406 ⁴

287 2472 399 2519 astutam
410 2464 506 2534 vapido
516 2483 606 2522 servas
619 2467 670 2521 sub
679 2473 781 2537 pectore
793 2466 916 2537 vulpem:

287 2557 355 2610 quae
364 2539 487 2593 dederam
497 2558 587 2612 supra,
600 2549 696 2613 repeto,
708 2540 854 2612 funemque
862 2544 968 2599 reduco.

287 2614 330 2668 Nil
342 2614 388 2667 tibi
398 2617 526 2669 concessit
535 2618 616 2683 rati03
638 2616 752 2688 digitum
762 2633 864 2672 exsere:
886 2636 985 2689 peccas.
1019 2623 1023 2630 '

233 2698 273 2742 tto
286 2687 391 2760 Ecquid
400 2696 454 2743 tem
462 2707 577 2763 parvum
587 2689 647 2745 est?
665 2690 712 2744 sed
722 2689 797 2745 nullo
806 2692 884 2747 thure
893 2691 993 2759 litabis,
