2250 3250
284 164 317 218 64
554 167 763 214 IUVENALIS

283 268 419 341 praeberet
426 266 553 340 spelunca
562 266 665 332 domos,
677 268 821 340 ignemque
829 264 972 338 laremque

283 351 309 398 et
317 360 398 415 pecus
411 350 436 398 et
445 342 567 398 dominos
575 341 711 398 communi
720 340 853 395 clauderet
861 342 976 410 umbra,

229 429 241 473 t
283 418 433 473 silvestrem
443 425 566 473 montana
575 425 664 472 torum
673 432 759 487 quum
769 422 895 469 sterneret
904 433 978 472 uxor

283 492 423 559 frondibus
432 499 458 546 et
466 491 554 546 culmo
564 491 767 562 vicinarumque
775 488 892 544 ferarum

284 566 408 638 pellibus,
425 565 498 620 haud
508 564 607 619 similis
616 564 674 629 tihi,
688 563 812 637 Cynthia,
826 581 875 619 nec
886 565 944 630 tibi,
955 565 1047 622 cuius
1110 562 1111 611 l

284 641 402 695 turbavit
414 639 512 694 nitidos
521 633 667 694 exstinctus
676 655 767 709 passer
775 637 880 702 ocellos,
1110 662 1111 703 3

285 712 928 786 sedpotendaforensinlantihusuberamcgnis,
1110 706 1111 741 l

231 800 256 843 to
284 797 310 844 et
322 806 399 861 saepe
410 788 539 844 horridior
547 787 672 861 glandem
685 794 801 841 ructante
810 788 915 842 marito.
1110 782 1111 869 l

285 864 390 935 Quippe
399 863 545 919 alitertunc
554 862 618 916 orbe
629 878 698 917 novo
707 860 832 932 coeloque
842 862 940 917 recenti
1070 904 1073 905 ν
1110 880 1111 919 t

286 939 411 995 vivebant
420 937 549 1002 homines,
561 937 610 1007 qui
619 943 697 1007 rupto
709 935 801 991 robore
810 935 867 991 nuti
1110 924 1111 993 l

179 1038 187 1043 ’
284 1013 455 1083 compositive
465 1010 520 1066 luto
529 1010 617 1066 nullos
626 1010 743 1066 habuere
750 1017 882 1081 parentes.
1110 996 1111 1051 l

285 1086 368 1143 Multa
377 1085 518 1157 pudicitiae
527 1086 623 1142 veteris
632 1084 850 1158 vestigialorsan,

231 1172 256 1215 15
284 1170 330 1216 aut
340 1159 439 1232 aliqua,
450 1160 597 1215 exstiterint
608 1167 635 1215 et
644 1160 697 1216 sub
705 1161 779 1229 love,
790 1159 839 1215 sed
847 1160 1040 1217 lovenondum

285 1235 402 1300 barbato,
416 1234 536 1290 noudum
546 1235 652 1290 Graecis
661 1236 750 1290 iurare
758 1234 856 1305 paratis

285 1328 333 1385 per
342 1317 421 1383 caput
430 1309 546 1374 alterius,
558 1326 644 1382 quum
654 1308 741 1364 lurem
751 1325 828 1363 nemo
837 1309 941 1364 timeret

285 1384 408 1441 caulibus
416 1393 463 1441 aut
472 1384 568 1456 pomis
580 1391 607 1439 et
615 1392 703 1454 aperto
715 1384 816 1438 vireret
825 1383 907 1438 horto.

286 1459 416 1515 Paulatim
428 1450 804 1528 deindeadsnperosAs‘trnea
812 1457 919 1512 recessit
949 1486 953 1495 ·

231 1544 257 1587 to
285 1534 335 1589 hac
343 1535 445 1597 comite,
458 1540 537 1602 atque
546 1532 614 1586 duae
623 1531 720 1602 pariter
731 1531 822 1604 lugere
830 1548 944 1587 sorores.

284 1607 434 1679 Antiquom
444 1612 554 1662 etvetus
564 1613 612 1671 est,
625 1604 751 1680 alienum,
764 1608 896 1672 Postume,
909 1604 1009 1662 lectum

285 1689 430 1746 concutere,
444 1686 522 1752 atq'uc
530 1681 598 1736 sacri
607 1681 717 1754 genium
728 1689 894 1736 contemnere
902 1680 992 1736 frrlcri.

286 1755 372 1811 Omne
382 1754 456 1810 aliud
464 1755 563 1809 crimen
574 1772 637 1810 mox
647 1755 729 1811 ferrea
737 1754 846 1827 protulit
857 1762 941 1811 aetas:

286 1830 411 1886 viderunt
420 1827 520 1899 primos
533 1836 654 1900 argentea
666 1830 771 1885 saecula
781 1829 913 1886 moechos.

110 1927 114 1934 ¹
231 1915 257 1959 25
323 1903 490 1960 Contentum
498 1909 790 1974 tamenetpactum,.et
800 1904 935 1976 sponsalia
944 1912 1035 1961 nostra

181 1977 185 1984 '
285 1985 437 2049 tempestate
446 1994 533 2050 paras,
545 1977 677 2050 iamquea
690 1986 794 2034 tonsore
804 1980 931 2051 magistro

286 2053 442 2126 pecteris‚·et
450 2052 642 2126 digitopignus
651 2052 759 2108 fortasse
768 2052 885 2109 dedisti?

287 2129 362 2183 Certe
370 2145 452 2183 sanus
461 2127 533 2183 eresl
553 2127 678 2192 Uxorem,
691 2128 822 2192 Postume,
833 2126 928 2184 ducis?

287 2194 343 2266 Dic,
355 2218 408 2273 qua
419 2202 572 2273 Tisiphone,
584 2202 685 2275 quibus
694 2204 826 2276 exagitare
834 2201 971 2258 colubris?

232 2283 258 2327 tt
285 2276 365 2331 Ferr'e
376 2284 449 2347 potes
458 2276 603 2336 dominnm.
616 2276 698 2333 salvis
709 2285 746 2332 tot
755 2276 878 2342 restibus,
890 2275 994 2332 ullam?

286 2366 372 2421 quum
381 2357 485 2421 pateant
495 2349 560 2405 altae
572 2351 768 2424 caligantesque
781 2350 926 2407 fenestrae?

287 2441 373 2494 quum
384 2424 432 2479 tibi
441 2424 560 2479 vicinum
571 2442 600 2478 se
609 2426 730 2495 praebeat
739 2425 868 2481 Aemilius
878 2424 964 2497 pons?

286 2498 373 2552 Autsi
383 2498 416 2554 de
426 2489 517 2552 multis
526 2497 619 2553 nullus
631 2500 715 2572 placet
725 2501 821 2565 exitus,
834 2500 903 2556 illud

288 2589 376 2628 nonne
385 2580 463 2645 putas
472 2570 579 2639 melius,
591 2574 664 2644 quod
673 2583 759 2630 tecum
769 2579 847 2648 puslo
856 2574 973 2631 dormit?

234 2655 259 2700 tr
288 2647 375 2720 pusio,
388 2647 436 2721 qui
446 2653 524 2704 noctu
534 2664 588 2706 uon
601 2648 695 2724 litigat,
706 2650 790 2724 exigit
798 2668 814 2705 a
822 2657 848 2706 te
910 2655 927 2683 ‘
