2250 3250
256 125 304 178 ibt)
528 126 737 175 IUVENALIS

253 230 277 285 si
290 229 376 285 lentus
387 229 463 302 pigra
472 228 587 283 muniret
597 234 680 283 castre
690 227 809 284 dolabra.
1027 293 1034 300 ¹

253 306 301 360 Hic
310 312 398 359 tamen
410 313 435 359 et
445 304 567 361 Cimbros
577 312 602 359 et
611 320 716 361 summa
724 301 843 374 pericula
853 318 944 356 rerum

198 391 238 436 25⁰
253 381 359 453 excipit,
371 388 396 434 et
406 379 478 434 solus
488 379 783 453 trepidantemprotegit
793 377 898 432 Urbem.

253 458 341 528 Atque
350 455 417 520 ideo,
429 463 570 526 postquam
581 453 614 507 ad
625 454 747 510 Cimbros
756 451 1011 526 stragemquerola-

660 529 734 595 bant,

254 605 302 676 qui
312 621 460 675 numquam
471 601 618 676 adtigeram
628 603 726 658 maiore
735 602 871 667 cadavere,
882 601 965 668 corvi,

255 679 353 734 nobilis
361 687 471 734 ornatur
480 678 555 733 lauro
564 678 663 752 collega
674 677 800 732 secunda.

254 754 374 809 Plebeiae
382 754 521 809 Deciorum
534 754 646 818 animae,
659 753 760 826 plebeia
774 751 883 807 fuerunt

200 840 239 883 255
254 830 376 885 nomina:
398 829 516 902 prototis
527 828 676 902 legionibus
686 828 812 883 bitumen
821 835 847 882 et
858 844 907 901 pro

254 906 381 960 omnibus
390 905 498 960 auxiliis
509 913 588 975 atque
598 903 671 958 omni
680 903 751 974 pube
761 901 854 957 Latina

254 978 391 1035 sufficiunt
399 980 442 1033 dis
455 978 566 1033 infernis
576 979 722 1050 Terraeque
732 977 848 1050 parenti:

255 1054 341 1126 pluris
351 1054 423 1108 enim
433 1053 512 1118 Decii,
525 1070 608 1125 quam
617 1053 665 1125 qui
675 1059 815 1119 servantur
823 1053 858 1107 ab
868 1052 933 1108 illis.

255 1129 357 1184 Ancilla
367 1136 445 1184 natus
455 1129 572 1183 trabeam
580 1136 606 1183 et
613 1127 734 1184 diadema
743 1127 850 1195 Quirini

201 1215 241 1259 260
255 1213 283 1260 et
291 1203 374 1259 fasces
384 1204 490 1269 meruit,
503 1222 597 1278 regum
607 1204 719 1259 ultimus
729 1200 925 1259 illebonorum.

256 1279 361 1334 Prodita
371 1279 496 1338 laxabant
505 1288 641 1351 portarum
652 1277 765 1334 claustra
777 1279 898 1352 tyrannis

256 1355 397 1412 exsulibus
410 1357 520 1410 iuvenes
536 1355 621 1426 ipsius
630 1354 764 1419 Consulis,
777 1360 803 1407 et
812 1370 880 1424 quos

256 1447 386 1504 magnum
396 1430 498 1501 aliquid
511 1429 593 1484 dubia
603 1446 651 1501 pro
662 1428 779 1483 libertate
786 1427 897 1494 deceret,

256 1505 329 1576 quod
340 1505 480 1557 miraretur
488 1519 550 1556 cum
561 1503 656 1558 Coclite
665 1503 780 1568 Mucius,
791 1510 815 1557 et
825 1513 907 1575 quae*

201 1588 241 1634 255
256 1577 361 1651 imperii
375 1577 441 1632 fines
450 1577 607 1633 Tiberinum
617 1578 693 1653 virgo
703 1578 811 1634 natavit.

256 1652 363 1709 Oceulte
374 1654 407 1708 ad
417 1655 506 1735 Patres
515 1654 642 1732 prodqxit
650 1654 762 1710 crimina
772 1669 865 1709 servus

257 1730 384 1786 metronis
394 1727 541 1802 lugendus:
563 1738 590 1783 at
599 1729 659 1783 illos
669 1730 776 1784 verbera
786 1729 865 1784 iustis

257 1802 376 1857 alliciunt
385 1802 474 1874 legum
484 1804 586 1872 poenis,
598 1810 623 1857 et
632 1804 718 1875 prime
729 1805 839 1859 securis.

293 1876 363 1932 blalo
371 1884 444 1948 pater
457 1876 505 1931 tibi
514 1878 550 1930 sit
562 1877 703 1942 Thersites,
715 1877 861 1934 dummodo
870 1885 900 1933 tu
909 1878 948 1933 sis

201 1962 242 2006 27⁰
256 1952 383 2007 Aeacidae
392 1951 502 2018 similis,
509 1952 692 2026 Vulcaniaque
701 1971 914 2026 arma-capessas,

257 2044 339 2100 quem
349 2034 375 2083 te
385 2028 520 2083 Thersitae
530 2028 645 2083 similem
656 2029 782 2100 producat
790 2028 917 2084 Achilles.

256 2104 291 2159 Et
301 2112 397 2166 tamen,
410 2112 441 2157 ut
450 2104 529 2178 longe
537 2111 638 2176 repetas
649 2103 780 2177 longeque
789 2102 910 2160 revolvas

258 2195 364 2242 nomen,
379 2178 414 2232 ab
423 2177 517 2234 infami
527 2187 633 2253 gentem
642 2178 751 2236 deducis
761 2178 845 2253 asylo.

258 2251 389 2308 Malorum
399 2254 504 2323 primus
513 2254 640 2326 quisquis
648 2254 698 2309 fuit
708 2254 753 2309 ille
762 2261 879 2324 tuorum,

203 2337 243 2381 27⁵
257 2334 304 2383 aut
311 2334 401 2400 pastor
410 2326 469 2393 luit,
481 2336 526 2384 aut
534 2328 619 2395 aliud,
630 2328 703 2402 quod
712 2329 798 2385 dicere
806 2327 877 2384 nolo.
