2250 3250
352 141 495 189 SATIRA
512 141 557 189 VI.
794 133 822 186 84

118 239 256 297 Chaldaeis
266 238 314 295 sed
322 241 407 296 maiar
415 241 464 296 erit
474 241 585 297 fiducia:
606 239 739 312 quidquid

79 316 178 371 dixerit
187 314 344 389 astrologus,
359 315 569 371 aredeataionte
578 313 689 369 relatum
725 346 728 349 ,

79 391 248 459 Hammonis3
270 391 398 463 queniam
408 389 516 463 Delphis
524 388 629 446 oracula
639 395 743 449 cassant
843 398 882 442 555

79 474 107 521 et
116 483 198 539 genua
208 464 358 520 humanum
371 463 479 520 damnat
489 464 573 538 caligo
583 462 675 534 futuri.

73 540 240 613 ‚Praecipuus
249 547 339 596 tamea
350 547 390 595 est
400 539 505 605 horum,
520 540 568 612 qui
578 539 684 610 saepius
693 535 782 604 exsul,

82 615 158 670 cuius
171 614 285 670 amicitia
290 613 513 685 eondueendaque
520 612 617 669 tabella

79 687 534 763 ›magnuscivisabltatfarmidatus
545 687 651 743 Othoni.
928 744 929 749 χ

83 765 145 820 Inde
155 764 219 820 fides
228 763 286 829 arti,
299 764 389 819 sonuit
397 763 422 818 si
430 762 535 819 dextera
544 762 613 818 ferro
745 762 747 767 '
843 772 882 815 555

83 839 217 910 laevaque,
229 838 253 892 si
263 837 342 913 longo
350 845 495 894 castrorum
507 838 535 893 in
545 836 761 895 woaremaasia
975 838 977 843 ’

83 915 165 968 Nemo
175 912 375 968 mathematicus
384 912 494 986 genium
504 910 673 969 indemnatus
682 910 803 967 habehit:

83 987 128 1043 sed
140 988 188 1059 qai
197 1004 281 1058 paena
289 986 365 1059 perit,
377 990 421 1043 cui
431 990 479 1043 vix
488 986 517 1042 ia
526 984 641 1060 Cyclada
650 985 719 1041 mitti
792 1044 795 1049 ,

82 1063 190 1136 contigit
199 1069 225 1117 et
233 1079 315 1134 parva
324 1061 430 1119 tandem
439 1062 557 1118 caruisse
567 1060 685 1133 Seripho.
719 1089 722 1096 ·

83 1135 550 1211 Consuliticteriaaelentodefunere
558 1137 659 1200 matris,
801 1178 804 1185 .
845 1146 884 1191 555

83 1220 142 1267 ante
151 1219 240 1267 tamen
250 1211 327 1278 dete,
339 1210 468 1283 Tanaquil
478 1219 544 1268 tuae
558 1210 791 1284 quandoaororem
837 1214 839 1219 “

82 1285 171 1344 efferat
182 1293 209 1342 et
217 1293 338 1358 patru0s3
359 1304 394 1342 aa
403 1287 438 1340 sit
448 1287 567 1342 victurus
575 1285 678 1341 adulter

84 1370 142 1435 past
160 1359 267 1434 ipsam?
289 1359 360 1435 Quid
377 1360 449 1416 enim
467 1360 633 1488 maiusqdare
649 1359 759 1416 numina
768 1375 830 1432 pos·
887 1373 892 1385 ·

190 1475 194 1479 -
488 1442 551 1493 sunt

118 1513 191 1579 llaec
198 1517 287 1577 tamen
297 1510 408 1584 ignorat,
420 1511 487 1583 quid
499 1511 575 1566 sidus
584 1510 658 1566 trista
666 1508 781 1567 minetur
801 1544 804 1547 -

83 1588 200 1653 Saturni,
211 1602 265 1660 qua
274 1584 341 1641 laeta
349 1586 441 1642 Venus
450 1604 479 1641 se
488 1584 600 1659 proferat
611 1592 692 1651 astra·
847 1591 887 1639 555

84 1665 132 1736 qui
145 1677 251 1720 menses
260 1661 367 1727 damno,
379 1678 448 1734 quae
458 1660 554 1717 dentur
563 1667 680 1732 tempera
690 1658 773 1715 luero.

85 1738 160 1794 Illius
169 1754 294 1793 oaaursus
306 1736 386 1792 etiam
395 1737 477 1793 vitare
490 1742 630 1800 memento.
652 1754 655 1758 ⁷

86 1816 114 1869 in
123 1813 202 1869 cuius
211 1811 346 1877 manibus,
358 1830 406 1868 eeu
416 1812 528 1887 pinguia
538 1810 655 1876 sutrina,
669 1810 744 1866 tritas

41 1895 45 1903 '
86 1889 171 1944 cernis
184 1885 380 1959 ephemeridas3
401 1904 469 1960 quae
482 1886 588 1942 nullum
598 1885 719 1950 consulit,
730 1892 757 1940 et
768 1884 821 1941 iam

87 1962 246 2020 consulitur:
267 1977 345 2034 quae,
355 1963 442 2017 castra
452 1961 509 2016 viro
517 1961 662 2033 patriamve
671 1966 782 2031 petente,
849 1970 888 2014 555

88 2055 142 2094 non
153 2037 204 2092 ibit
212 2036 310 2109 pariter
318 2036 437 2092 numeris
446 2043 564 2102 revocata
575 2033 719 2107 Thrasylli.

88 2112 130 2168 td
139 2112 257 2183 primum
269 2109 385 2183 lapidem
395 2112 490 2167 vectari
500 2126 585 2182 quam
596 2108 689 2180 plaeet,
701 2107 765 2163 hora

89 2186 204 2242 sumitur
213 2203 247 2241 ex
256 2184 337 2241 libro:
358 2186 382 2240 si
391 2186 477 2258 prurit
485 2184 578 2240 frictus
587 2182 662 2239 ocelli

91 2259 215 2335 edgithae,
227 2260 343 2332 inspecta
352 2261 442 2335 genesi
452 2259 561 2335 collyria
570 2258 664 2331 pascit.

91 2337 174 2409 Aegra
184 2334 244 2390 lieet
253 2335 341 2400 iaeeat,
353 2334 479 2407 capiendo
492 2333 565 2403 nulla
575 2333 680 2390 videtur
851 2340 890 2387 555

90 2410 174 2483 aptior
183 2409 246 2465 hara
256 2409 323 2475 cibo.
336 2410 388 2466 nisi
398 2427 479 2484 quam
491 2409 592 2466 dederit
601 2407 733 2465 Petosiris.

130 2485 156 2540 Si
167 2483 305 2541 mediocris
314 2484 375 2554 erit3
396 2486 513 2558 spatium
523 2484 645 2542 lustrabit
654 2492 798 2555 utrumque

93 2567 229 2625 metarum¹
242 2568 268 2615 et
277 2568 359 2616 sortes
368 2560 453 2626 ducet,
464 2560 631 2633 frontemque
640 2572 805 2629 manumque

94 2634 226 2709 praebebit
235 2635 289 2691 vati
298 2636 575 2711 crebrumpoppysma
585 2634 697 2709 roganti.

135 2728 252 2784 1555555.
684 2767 687 2772 ,
706 2723 726 2779 F
