2250 3250
269 168 301 220 lo
508 226 515 241 ,
535 171 747 218 1uvursanrs

269 273 421 331 damnetur:
443 272 466 327 si
478 272 527 338 vis,
541 272 620 327 etiam
634 270 763 327 Carfinia:
785 269 864 324 talem

217 358 241 400 tu
271 365 322 403 non
332 354 419 403 sumet
430 345 553 402 damnata
561 355 661 421 togam.
690 346 936 402 Sedluliusardet:

270 432 368 478 aestuo.
397 421 493 477 Nudus
503 423 579 495 agas!
601 423 690 477 Minus
701 428 740 475 est
749 420 853 474 insania
862 419 963 491 turpis.

225 526 230 531 -
269 497 310 551 En
320 497 451 563 habitum,
465 512 519 567 quo
530 494 634 569 leleges
644 513 675 551 ac
686 497 743 550 iura
753 494 879 550 ferentem

271 571 428 626 vulneribus
438 570 527 627 crudis
537 569 653 642 populus
663 570 741 626 modo
750 570 833 625 victor
842 577 868 625 et
878 569 946 625 illud

270 656 427 701 montanum
440 645 533 717 positis
542 647 645 701 audiret
655 645 754 719 vulgus
763 645 864 700 aratris.

216 731 242 774 75
270 719 341 788 Quid
351 737 403 775 uon
413 720 567 792 proclames,
580 721 608 776 in
616 738 723 792 corpore
733 720 829 775 iudicis
839 719 889 773 ista

271 797 295 850 si
308 795 416 850 videas‘l
434 795 544 862 Quaero,
558 813 592 850 an
602 795 709 851 deceant
718 793 836 849 multicia
845 794 957 852 testem?

272 871 338 925 Acer
350 878 375 925 et
385 870 529 927 indomitus
544 870 723 942 libertatisque
732 869 866 943 magister,

272 945 380 1007 Cretico.
392 946 520 1017 perluces.
550 945 627 1001 Dedit
636 946 705 1000 hanc
714 944 834 1018 contagio
844 943 931 1000 labem

271 1027 296 1074 et
306 1020 379 1075 dabit
392 1022 419 1075 in
429 1021 532 1092 pluros3
553 1021 622 1075 sicut
632 1037 698 1093 grex
707 1027 777 1075 totus
790 1020 818 1077 iu
828 1020 900 1093 agris

217 1104 243 1147 8⁰
270 1095 353 1151 unius
364 1096 451 1150 scabie
460 1095 530 1153 cadit
542 1101 567 1150 et
576 1095 709 1168 porrigine
718 1094 799 1166 porci,

272 1186 378 1241 uvaque
387 1177 523 1242 conspecta
532 1168 644 1225 livorem
653 1170 726 1225 ducit
735 1170 768 1224 ab
780 1186 843 1224 uva.

310 1244 423 1299 Foedius
437 1245 486 1300 hoc
500 1244 603 1317 aliquid
619 1244 780 1316 quandoque
792 1243 902 1299 audebis
912 1246 1021 1301 amictu

272 1319 356 1375 Nemo
369 1327 473 1393 repente
481 1319 532 1374 fuit
544 1320 727 1392 turpissimus.
757 1318 892 1391 Accipient
902 1327 928 1374 te

272 1395 409 1465 paulatim,
421 1396 469 1468 qui
478 1393 556 1468 longa
566 1396 639 1451 domi
649 1392 804 1450 redimicula
813 1403 925 1451 sumunt

217 1478 243 1521 85
272 1469 509 1534 frontibusettoto
518 1487 630 1541 posuere
640 1470 748 1525 monilia
758 1469 833 1535 eollo,

272 1553 350 1615 atque
359 1545 457 1598 &nam
468 1551 572 1600 tenerae
580 1544 684 1617 placant
693 1544 833 1601 abdomine
843 1561 937 1616 porcae

252 1681 257 1688 ‚
272 1627 297 1673 et
306 1636 403 1692 magno
412 1628 509 1676 cratere
519 1619 603 1676 deam.
636 1619 697 1684 Sed,
710 1620 899 1676 meresinistro

271 1696 401 1768 exagitata
410 1694 511 1766 procul,
524 1713 578 1751 uon
588 1697 666 1751 intrat
678 1694 775 1751 femina
785 1695 881 1752 limen:

272 1769 335 1823 solis
346 1788 389 1824 ara
398 1770 462 1824 deae
471 1770 590 1825 maribus
599 1778 676 1840 patet.
710 1769 892 1842 Iteproinnael

139 1839 146 1847 '
217 1852 243 1894 so
271 1844 413 1898 clamatur:
435 1843 873 1917 nullogemitbictibicinammu.

272 1918 344 1972 Talia
356 1925 454 1974 secreta
463 1918 601 1974 coluerunt
610 1919 689 1994 Orgia
702 1918 777 1975 meda

272 1993 422 2064 Cecropiam
433 1992 504 2048 soliti
516 1995 612 2066 Baptae
620 1994 717 2049 lassare
727 1991 848 2068 Cotytto(
905 1993 912 2001 '

273 2067 317 2122 llle
327 2068 507 2140 supercilium,
521 2069 626 2125 madida
637 2069 748 2143 iuligine
757 2069 881 2133 tinctum,

271 2142 380 2214 obliqua
389 2143 510 2215 producit
519 2161 578 2210 acu,
590 2145 729 2218 pingitque
737 2152 876 2200 trementes

217 2223 242 2266 ⁹5
271 2218 391 2275 attollens
399 2219 503 2287 oculos;
525 2220 608 2274 vitreo
616 2218 740 2274 hibitilte
751 2220 853 2290 Priapo,

272 2293 465 2366 reticulumque
476 2295 558 2349 comis
569 2302 690 2350 auratum
704 2294 857 2368 ingentibus
867 2293 968 2366 implet,

271 2367 390 2423 caerulea
401 2369 511 2423 indutus
520 2368 659 2434 scutulata,
672 2378 718 2425 aut
726 2370 840 2443 galbana
849 2385 918 2435 rasa,

272 2450 297 2496 et
306 2458 353 2514 per
362 2444 487 2499 lunonem
498 2444 599 2498 domini
610 2444 713 2500 irrrante
722 2444 854 2499 ministro.

273 2516 320 2572 Ille
330 2524 400 2572 tenet
407 2518 555 2588 speculum,
570 2518 668 2590 pathici
682 2528 817 2594 gestamen
827 2518 950 2586 Othonis,

219 2602 258 2646 too
272 2592 374 2647 Actoris
383 2592 501 2648 Aurunci
512 2592 638 2665 spolium,
650 2611 745 2667 quose
755 2594 800 2649 ille
808 2594 916 2652 videbat

273 2675 413 2734 armatum,
425 2685 511 2741 quum
522 2669 576 2725 iam
585 2668 642 2724 tolli
651 2669 748 2727 vexilla
760 2669 870 2725 iuberet.
