2250 3250
282 224 315 280 62
542 224 754 274 IUVENALIS

284 324 368 383 fumat
377 343 451 399 oper:
473 333 532 397 post
540 325 613 380 hunc
622 323 753 379 roduntur
761 324 863 388 tubera,
874 322 896 377 si
907 340 954 378 ver

281 409 346 455 tunc
354 400 402 456 erit
410 408 436 454 et
447 398 541 454 sacient
550 405 635 470 optato
645 398 759 453 tonitrua
768 414 863 453 coenos

283 475 404 529 maiores.
434 473 493 527 Tibi
502 473 571 527 habe
579 472 751 535 frumentum,
761 470 881 526 Alledius
891 472 1000 542 inquit,

283 547 405 620 oLibye;
416 546 540 619 disiunge
552 546 643 613 boves,
654 546 720 601 dum
732 545 825 600 tubera
835 546 938 599 mittas!

229 631 269 674 tro
320 621 477 676 Structorem
488 620 585 675 interea
598 619 641 693 (ne
650 636 704 693 qua
713 620 860 693 indignatio
869 619 946 694 desit)

284 693 421 749 saltantem
430 702 530 765 spectes
542 701 568 749 et
574 698 782 769 χειρονομοῦντα
793 693 893 749 volanti

285 768 396 833 cultello,
407 768 491 823 donoc
500 775 608 841 peragat
616 768 712 822 dictata
720 767 842 840 magistri

284 843 382 898 omnia.
407 844 461 898 Nec
469 842 581 896 minimo
590 858 654 896 sane
662 841 816 896 discrimine
824 839 910 907 reiort,

286 923 423 990 quogestu
433 916 534 987 lepores
542 923 570 970 et
578 932 632 986 quo
640 914 740 988 gallina
749 923 861 970 seretur.

232 1001 270 1045 125
321 988 963 1060 Ducerispiantn‚velutiotusabHerculeCacus.

284 1072 415 1134 etponere
424 1062 502 1128 foras,
514 1065 538 1117 si
547 1063 614 1134 quid
623 1064 763 1118 tentaveris
773 1080 904 1136 umquam
965 1060 970 1069 ’

271 1207 274 1219 Δ
285 1139 394 1203 hiscere,
405 1145 542 1211 tamquam
549 1137 647 1193 habeus
656 1138 706 1193 tria
715 1138 833 1193 nomina:
850 1137 1035 1211 Quandopro-

708 1212 763 1267 inat

286 1286 362 1341 Virro
371 1279 429 1352 tibi,
441 1286 576 1358 sumitque
585 1286 639 1342 tuis
648 1229 764 1341 oorftacta
774 1284 877 1341 labellis
891 1271 894 1279 ¹

285 1361 396 1434 pocula?
414 1361 476 1433 quis
488 1369 606 1417 vestrum
619 1363 772 1416 temerarius
787 1361 956 1433 usqueadeo,
968 1364 1031 1434 quis

232 1446 271 1490 tto
286 1437 413 1508 perditus,
425 1443 455 1491 ut
464 1435 533 1491 dicat
542 1437 608 1509 regi,
619 1435 702 1490 Biha?
719 1435 837 1490 Plurima
847 1443 920 1502 sunt,
934 1454 1004 1509 quaa

286 1528 339 1565 non
349 1510 446 1565 audent
457 1510 577 1563 homines
589 1518 695 1580 pertusa
704 1509 789 1564 dicere
798 1509 881 1565 laena.

285 1583 481 1656 Quadringenta
492 1583 538 1637 tibi
549 1583 573 1637 si
583 1583 645 1655 quis
655 1582 776 1640 densant
786 1583 883 1640 similis
893 1584 935 1640 dis

286 1665 311 1712 et
320 1657 413 1712 melior
422 1656 482 1711 fatis
491 1657 599 1713 donaret
609 1658 759 1724 homuncio,
774 1667 891 1730 quantus

286 1750 319 1787 ex
330 1731 421 1793 nihilo.
434 1740 550 1802 quantus
560 1733 636 1787 fieres
646 1732 765 1788 Virronis
775 1733 890 1787 amicust
922 1797 926 1804 ‚

232 1815 271 1859 135
286 1808 328 1859 Dc
344 1808 448 1859 Trebio!
466 1808 533 1858 Pone
549 1811 585 1859 ad
597 1808 730 1861 Trebium!
756 1808 807 1870 Via,
824 1812 918 1875 frater,
928 1811 1032 1877 adipeis

287 1876 383 1932 ilibus?
402 1878 547 1946 Olnummi
560 1880 637 1934 vobis
671 1897 723 1934 une
730 1889 843 1950 praestat
852 1881 989 1947 honorem,

286 1966 334 2006 vos
343 1952 405 2006 estis
416 1950 516 2006 iratres.
546 1953 641 2008 Domin
687 1962 772 2009 tamen
782 1963 807 2009 et
817 1954 918 2010 domini
929 1973 976 2012 rex

286 2028 308 2081 si
319 2027 361 2082 vis
369 2034 398 2081 tu
408 2027 473 2091 fieri,
486 2027 577 2082 nulius
588 2029 636 2082 tibi
647 2028 844 2098 parvulusaula
870 2046 877 2066 t

285 2102 378 2156 luserit
386 2100 497 2165 Aeneas,
509 2118 557 2156 noc
567 2102 621 2156 fitia
631 2100 733 2156 dulcior
742 2102 794 2157 illo.

232 2180 271 2228 tio
287 2175 434 2231 Iucundum
445 2183 569 2231 eteorum
582 2174 679 2230 sterilis
685 2174 747 2230 iacit
757 2192 824 2231 uror
833 2177 957 2231 amicum.

286 2248 338 2303 Sed
347 2258 391 2303 tua
403 2267 475 2305 nunc
484 2250 586 2323 Mycale
595 2250 679 2321 pariat
688 2249 754 2315 licet,
766 2258 792 2305 et
800 2267 896 2322 pueros
905 2259 958 2305 tros

287 2324 313 2376 in
323 2323 455 2395 gremium
465 2323 753 2393 patrisiundatsimul:
774 2324 832 2395 ipse
841 2323 946 2397 loquaci

179 2437 183 2440 .
285 2395 420 2525 {335⁶er
420 2396 502 2526 aad&
516 2398 630 2472 viridem
640 2398 744 2453 thoraca
756 2398 858 2453 iubebit
894 2480 952 2527 mm

374 2512 380 2534 ‚
538 2489 894 2535 mmmma

233 2551 271 2598 tto
286 2543 320 2598 ad
330 2529 448 2598 mensam
459 2488 562 2615 ᾳιιοἯοε
571 2547 702 2616 parasitus
710 2490 811 2601 veueqrit
820 2489 918 2603 iffins.
955 2513 964 2540 ⁹

323 2617 428 2675 Vilibus
437 2618 561 2690 ancipites
573 2619 649 2694 iungi
659 2627 789 2691 ponentur
799 2620 902 2685 amicis,
951 2647 953 2652 ·

205 2729 210 2735 .
286 2693 389 2750 boletus
398 2692 519 2763 domin03
541 2695 588 2750 sed
597 2694 703 2769 qualem
713 2694 839 2750 Claudius
849 2694 904 2750 edit
