2250 3250
339 199 483 247 sauma
500 200 568 246 xlv.
779 196 826 248 lt3

47 303 198 363 festinare
208 298 301 355 iubet?
318 299 452 356 Meliorem
462 307 565 371 praesto
575 299 703 374 magistro

48 375 249 450 discipulum.
279 374 460 431 Securusabi:
481 374 605 437 duceris,
618 382 649 429 ut
659 376 725 430 Aiax

50 451 210 527 praeter«
218 448 397 514 Telamonem,
409 456 439 504 ut
448 448 525 505 Pelea
534 449 600 505 vicit
607 448 735 506 Achilles.

52 525 242 584 Parcendum
259 532 298 579 est
317 524 427 580 teneris:
462 523 584 654 nqlurlilum
604 524 747 596 implevere
769 544 822 583 mer

502 616 520 655 u
541 617 572 654 aa
615 617 651 652 .·“
684 642 686 647 >
843 614 882 659 215

56 671 417 745 naturaemalanequitiae.
450 672 541 740 Quum
551 680 653 746 pectere
661 674 772 731 barbam

56 748 188 823 coeperit
198 755 225 802 et
234 746 305 819 longi
316 764 468 802 mucronem
482 747 619 804 admittere
628 748 715 816 cultri,
809 764 818 773 ’

58 827 157 882 falsus
167 822 220 878 erit
230 822 312 886 tastis,
324 821 419 879 vendet
428 823 543 894 periuria
551 840 659 878 summa

58 901 184 973 exigua.
197 896 298 952 Cereris
307 902 418 970 tangens
428 914 555 969 eramque
564 897 719 969 pedemque.

34 976 181 1031 ‚Elatam
192 970 245 1025 iam
254 971 330 1026 crede
342 988 452 1037 nurum,
464 972 488 1028 si
497 971 592 1027 limina
603 979 690 1028 restra
843 987 882 1031 220

60 1045 210 1105 mortifera
219 1060 282 1100 oum
294 1044 354 1100 dote
362 1046 444 1102 subit.
475 1045 580 1113 Quibus
591 1046 635 1102 illa
644 1055 778 1119 premetur

61 1142 118 1198 per
129 1137 261 1177 somnum
272 1120 377 1193 digitis!
398 1122 466 1177 Nam
476 1138 546 1193 quae
555 1128 676 1194 terraque
685 1125 811 1196 marique

66 1193 237 1270 acquirenda
245 1201 332 1266 putas,
344 1193 449 1249 brevior
458 1196 502 1250 via
510 1194 625 1268 conterat
633 1194 673 1249 illi
680 1213 697 1255 ε,

68 1271 170 1328 nullus
185 1269 257 1325 enim
270 1269 361 1343 magni
377 1267 482 1327 sceleris
496 1268 578 1324 labor.
611 1269 683 1325 Haeo
695 1288 741 1340 eqo
753 1290 827 1327 uuna

201 1362 204 1367 ,
484 1361 564 1412 quam

66 1416 603 1482 mandastdioasolimnaetelioeuost.
843 1431 882 1475 225

66 1495 173 1553 Mentis
182 1510 261 1548 causa
271 1490 356 1547 malae
365 1499 453 1547 tamen
462 1499 503 1548 est
512 1499 537 1548 et
545 1492 621 1566 origo
629 1508 710 1564 penes
722 1503 756 1548 te.
827 1522 833 1529 ,

67 1573 145 1629 Nam
156 1568 281 1642 ᾳιιίεᾳιιιε
291 1567 382 1641 magni
390 1584 488 1625 causus
497 1568 629 1640 praecepit
637 1585 763 1637 amorem,

68 1655 99 1703 et
110 1646 188 1701 laevo
197 1645 299 1700 monitu
309 1659 404 1713 pueros
414 1642 533 1713 producit
542 1660 645 1708 avaros,

71 1721 111 1852 Eat
120 1719 171 1793 qui
181 1735 225 1790 per
235 1716 341 1773 ltaudas
351 1717 508 1789 patrimonia
517 1715 711 1791 conduplicare]

92 1790 617 1850 atlibartatamettotasetludithabeoaa
804 1839 808 1843 .
841 1804 881 1848 aso

72 1867 222 1927 curriculo:
243 1867 359 1940 quamsi
370 1883 483 1932 revoces,
496 1867 642 1924 subsistere
653 1868 744 1925 nescit.

73 1953 101 2000 et
108 1951 136 2000 te
145 1949 275 1998 contemto
287 1943 396 2013 rapitur,
406 1943 539 2013 metisque
548 1942 653 1998 relictis.

73 2021 161 2075 Nemo
171 2017 234 2072 satis
242 2015 325 2071 credit
333 2023 435 2071 tantum
445 2015 608 2089 delinquere,
619 2023 750 2087 quantum

74 2092 228 2166 permittas:
249 2090 314 2146 adeo
323 2089 397 2146 indul
416 2090 612 2147 entsibilatiua
623 2090 685 2162 ipsi.

75 2167 170 2234 Quum
182 2164 249 2219 diola
257 2165 347 2221 iuveni
358 2107 479 2231 emitum,
490 2166 538 2238 qui
551 2166 630 2222 donet
639 2164 732 2232 amieo,
842 2177 881 2219 235

75 2241 126 2314 qui
137 2241 316 2311 paupertatem
325 2239 392 2296 levet
404 2240 556 2311 attollatque
568 2239 725 2311 propinqui:

77 2322 105 2369 et
113 2311 229 2384 spoliare
237 2311 322 2377 doces,
334 2322 360 2369 et
368 2314 593 2379 circumscribere,
607 2320 633 2370 et
641 2314 715 2369 omni

78 2385 192 2442 crimine
201 2384 306 2441 divitias
313 2390 460 2462 ,acquirere
472 2406 589 2461 quarum
597 2404 672 2445 amor
682 2389 710 2444 iu
722 2395 804 2455 tecet,

79 2468 197 2535 quantus
206 2467 262 2517 erat
270 2463 368 2534 patriae
377 2465 515 2520 Deciorum
526 2463 674 2535 inpactus,
685 2472 817 2536 quantum

78 2536 173 2593 dilexit
181 2536 293 2603 Thebas,
305 2538 328 2594 si
339 2538 445 2594 Graecia
455 2556 525 2603 vera,
536 2539 703 2596 llauoaoeus:
841 2545 907 2606 llo,

79 2613 108 2667 in
120 2629 234 2684 quarum
244 2611 327 2669 sulcia
339 2612 456 2687 legiones
468 2612 594 2669 dentibus
601 2613 698 2687 anguis

78 2703 140 2742 cum
149 2686 249 2762 clypeis
259 2694 404 2744 nascamur
412 2697 438 2746 et
446 2687 552 2744 horrida
560 2687 631 2744 bella
640 2693 781 2760 capessunt
