2250 3250
260 244 265 248 -
350 203 497 274 senuna
516 226 548 274 v.
784 228 817 279 6³

62 324 218 380 untedium
228 324 331 389 uxoris,
342 333 490 396 postquem
502 326 539 380 nil
548 320 665 397 amplius
673 328 734 383 edit

105 400 185 454 Virro
195 400 248 454 sibi
257 407 283 453 et
292 397 402 470 reliquis
411 400 569 455 Virronibus
580 400 626 455 illa
635 402 736 457 iubebit

63 490 150 543 poma
159 474 227 538 dari,
238 490 356 544 quornm
366 473 422 528 solo
430 475 546 546 pascaris
555 475 647 544 odorc;
789 480 793 487 “
833 490 873 533 15⁰

64 546 161 616 qualia
170 555 314 619 perpetuus
324 548 471 603 Phaeacum
482 557 642 604 auoeumnus
651 550 777 620 babebat;

65 620 176 674 oecdorc
184 637 254 692 quac
261 622 348 692 possis
361 623 485 694 subrepta
494 624 629 679 sororibus
640 623 722 679 Afris.
791 632 801 673 ἒ

66 694 113 749 Τιι
124 695 208 750 scabie
217 694 314 750 frueris
323 695 396 760 maii,
407 697 480 768 quod
489 697 517 751 in
527 714 621 771 aggere
630 698 706 763 rodit4

67 768 122 838 qui
133 769 229 841 tegitur
236 785 329 841 parma
338 778 363 823 ct
389 769 454 836 elea,
466 778 639 843 metuensque
649 771 744 846 flagelli

66 842 151 898 discit
161 843 195 897 ab
204 842 308 898 hbauta
317 787 433 900 incudum
443 852 564 917 torquere
573 845 681 916 capolia.
833 858 872 902 ιιι

108 916 231 972 Forsitan
241 919 376 988 impensae
383 919 521 974 Virronem
534 936 640 990 parcere
651 920 757 973 credas?

66 991 128 1054 Hoc
136 992 198 1064 agit,
211 999 242 1046 ut
251 990 354 1047 doleas:
375 1010 436 1048 nam
446 1010 515 1064 quac
523 992 667 1056 comoedia,
679 994 779 1050 mimus

66 1065 135 1135 quis
144 1063 237 1120 melior
248 1065 366 1137 plorante
373 1066 455 1139 gula?
472 1068 542 1140 Ergo
550 1068 640 1122 omnia
651 1068 727 1134 fiunt,

66 1139 92 1192 oi
104 1140 201 1205 noscis,
212 1146 243 1193 ut
252 1157 300 1211 per
309 1139 439 1196 lacrumas
448 1138 581 1197 effundere
592 1142 672 1213 bilem

67 1213 184 1286 cogaris,
195 1231 340 1285 pressoque
349 1214 396 1270 diu
406 1215 515 1270 stridere
525 1216 628 1271 motari.
673 1268 676 1273 ,
832 1229 872 1272 too

67 1288 113 1343 Tu
123 1289 172 1342 tibi
182 1287 250 1342 libor
259 1288 338 1343 homo
346 1296 371 1343 et
381 1291 451 1362 regis
460 1291 572 1345 convive
581 1289 689 1345 videris.

68 1361 322 1434 Captumtenidorc
331 1380 395 1417 suae
403 1371 478 1433 putat
486 1363 531 1418 ille
539 1364 657 1419 culinae:

68 1454 121 1493 nec
129 1435 199 1491 maie
208 1437 340 1491 coniectat.
356 1436 438 1503 ‘Quis
447 1438 518 1493 enim
527 1444 581 1491 tam
592 1438 690 1502 nudus,
702 1446 732 1493 ut
740 1438 818 1494 illum

68 1512 115 1566 bis
124 1510 199 1575 terat,
211 1511 352 1565 Etruscum
363 1527 445 1583 puero
454 1511 477 1565 si
487 1512 597 1585 contigit
606 1528 711 1577 aurum,

69 1586 114 1641 vel
124 1584 214 1641 nodus
223 1592 335 1649 tantum,
345 1592 371 1641 ct
380 1587 488 1660 signum
499 1586 532 1642 de
542 1604 657 1658 paupere
666 1585 739 1643 lorc‘i
836 1600 875 1644 1⁶5

68 1661 138 1734 Spco
148 1661 217 1727 bene
227 1660 352 1715 coenandi
363 1678 409 1715 vos
418 1661 524 1731 decipit.
549 1663 615 1716 Ecce
627 1666 700 1735 dabit
709 1669 763 1718 tem

68 1752 197 1792 cernerem
206 1737 325 1802 leporem
338 1738 526 1806 atquealiquid
534 1740 567 1788 dc
575 1739 693 1788 clunibus
701 1741 771 1805 opat.

69 1811 520 1866 Adaoeicmceaietmiaorcltr'lia.
550 1808 614 1863 Inde
623 1815 713 1879 parato

70 1887 325 1953 intactoqucomnes
335 1890 361 1937 et
369 1884 457 1938 stricto
466 1900 534 1954 parre
542 1885 640 1937 tacetis.

70 1959 120 2015 tue
129 1957 209 2029 sapit,
221 1956 303 2027 quite
316 1958 355 2011 sic
364 1958 456 2014 utitur.
484 1957 581 2012 Omnia
591 1957 658 2012 ferre
836 1969 875 2013 tto
939 2013 945 2022 ,

70 2031 317 2105 sipotasetdabee:
339 2031 500 2103 pulsandum
508 2032 672 2086 verticcmso

72 2106 214 2180 praebebis
224 2105 478 2177 quandoquecaput,
494 2104 617 2162 necdum
626 2103 732 2160 timebis

72 2182 156 2256 flagra
166 2180 231 2252 pati,
243 2181 286 2234 his
295 2180 468 2250 epuliscttaii
479 2181 578 2254 dignus
588 2178 682 2234 amico.
775 2211 777 2214 -
868 2215 873 2224 ,

188 2410 193 2415 .
291 2359 525 2418 SATIRA
555 2360 613 2416 vt.

75 2479 118 2518 Au
124 2478 151 2516 G.
164 2477 216 2527 Agit
223 2477 248 2514 d·
258 2476 431 2515 victimariorum
442 2491 488 2518 runa
497 2478 577 2525 rantis,
586 2480 703 2519 diraundcnr
711 2479 822 2520 micam·
925 2513 927 2516 .

387 2541 512 2580 triurcoiunr.

115 2605 206 2669 Credo
214 2613 369 2684 pudicitiam
379 2613 491 2669 Saturno
501 2632 561 2687 rege
570 2621 698 2670 moratam

77 2690 106 2745 in
115 2689 202 2753 tcrris,
215 2687 356 2761 visamque
365 2688 421 2754 diu,
433 2706 519 2760 quum
527 2688 623 2763 frigida
632 2705 728 2762 parvas
